3058 4732
713 54 773 124 ‘13

653 153 854 162 m*—

168 275 304 364 οὑδενός
334 276 471 376 ἐδέησε,
487 275 526 348 τό
550 273 642 348 κατά
665 273 723 347 τόν
746 273 938 346 Φαέθοντα
961 273 1194 374 μυθευόμενον
1217 271 1333 362 πάθος

167 413 387 515 ὑπερελάσαι.
424 416 478 487 δεῖ
490 414 559 515 γάρ
579 413 773 514 ἀντιστῆσαι
789 422 837 509 τῷ
857 416 917 513 μὲν
933 412 1054 512 θερμῷ
1071 412 1110 486 τό
1124 413 1273 513 ψυχρόν·
1293 412 1332 486 τό

168 557 206 628 δὲ
223 553 329 654 ὑγρόν
346 564 393 650 τῶ
418 555 512 656 ξηρῷ
520 610 528 647 ,
556 557 584 628 εί
608 555 728 654 μέλλοι
752 553 910 626 τάναντία
934 561 1001 626 τῶν
1025 555 1180 626 ἐναντίων
1206 551 1332 653 ἰάματα

165 693 319 787 έσεσθαι,
335 697 394 767 καί
406 705 478 782 ταῖς
493 697 553 793 μὲν
570 691 774 794 ὑπερβολαῖς
787 692 848 780 τάς
862 691 1055 792 ὑπερβολάς
1068 691 1267 766 ἀντιθεῖναι·
1287 701 1331 792 τῆ

167 836 205 907 δὲ
222 832 364 908 κενώσει
381 834 444 936 τῆν
461 832 637 934 πλήρωσιν
656 837 769 907 εἵνεκα
785 843 848 934 τῆς
866 836 913 922 είς
925 831 964 906 τό
978 842 1112 932 σῶιρρον
1126 834 1186 906 καὶ
1200 835 1331 934 μέτριον
1384 847 1399 898 5

166 973 478 1064 ἀποκαταστάσεως
508 984 575 1048 τῶν
607 972 889 1074 ἀτακτησάντων·
922 981 982 1047 τοὺ
1008 997 1047 1046 τε
1062 973 1141 1062 τοὺς
1157 972 1332 1073 ποταμοὺς

168 1113 267 1202 αὑθις
285 1117 415 1214 ῥυῆναι,
434 1116 494 1186 καὶ
512 1112 633 1214 πηγάς
649 1117 709 1186 καί
726 1114 845 1212 λίμνας
869 1121 938 1213 γῆς
957 1110 1153 1213 ὑπερκὺιβαι
1176 1111 1215 1187 τό
1238 1115 1330 1212 περί-

168 1279 257 1354 γειον
271 1251 527 1354 καταβὺχοντα·
543 1255 603 1326 καὶ
616 1251 704 1326 πόαν
715 1253 904 1352 βλαστῆσαι
918 1251 982 1353 όση
992 1277 1029 1326 τε
1043 1251 1256 1353 σπερματικῆ
1271 1255 1330 1326 καὶ

166 1394 229 1494 όση
248 1392 448 1492 αὐτόματος,

269 1532 340 1606 Καὶ
357 1531 486 1633 χειμών
505 1535 567 1630 μὲν
583 1540 733 1620 τοιοὺτος
756 1534 816 1604 καὶ
840 1531 928 1604 οὑτω
954 1532 1232 1631 βιωφελέστατος.
1269 1533 1329 1630 ἐαρ
1365 1547 1399 1602 10

164 1674 203 1745 δὲ
228 1672 378 1772 μικράῆ
405 1672 502 1745 οὐδὲν
526 1681 573 1768 τῶ
599 1670 719 1770 κόσμῳ
744 1671 988 1771 συμβάλλεται.
1032 1669 1153 1744 σκόπει
1177 1673 1237 1744 καὶ
1260 1670 1329 1771 γάρ

163 1822 230 1886 τῶν
247 1811 436 1912 ποιοτήτων
455 1811 496 1884 δι’
519 1813 565 1884 ῶν
586 1815 646 1884 καὶ
670 1823 822 1912 στοιχεῖα
840 1809 971 1909 κόσμου
989 1813 1049 1884 καί
1073 1813 1224 1884 ἐνιαυτοῦ
1246 1811 1330 1912 ὧραι

164 1951 285 2025 καὶτὰ
309 1951 395 2025 καθ’
413 1955 557 2024 ἕκαστον
581 1949 723 2050 σώματα
746 1950 809 2052 τῆν
834 1949 990 2024 σὺστασιν
1014 1954 1135 2052 ἔσχον,
1161 1949 1329 2051 τεττάρων

165 2091 275 2164 οὑσῶν
292 2135 342 2144 -
360 2090 577 2192 ψυχρότητος
595 2089 730 2192 δηλαδὴ
750 2094 810 2164 καί
827 2089 1052 2191 θερμότητος,
1079 2089 1265 2190 ξηρότητός
1290 2116 1328 2164 τε

165 2229 286 2330 ὁμοίως
303 2234 362 2304 καὶ
378 2229 567 2332 ὑγρότητος
584 2274 636 2284 -
653 2241 726 2319 ταῖς
755 2233 815 2330 μέν
840 2231 914 2302 δυσὶ
936 2229 1041 2330 θέρος
1066 2228 1325 2330 ουνεκροτῆθη·
1364 2245 1396 2298 15

162 2371 200 2444 τό
219 2371 352 2471 ψυχρόν
369 2373 407 2444 δέ
424 2374 484 2444 καί
502 2369 606 2470 ὑγρόν
624 2369 753 2472 χειμῶν
777 2369 1047 2470 κληρωσάμενος
1064 2372 1135 2464 καί,
1161 2372 1261 2469 ἐαρος
1278 2367 1326 2470 μῆ

160 2513 444 2610 προσγενομένου,
470 2511 688 2584 τούπίλοιπον
706 2519 765 2583 τοὺ
791 2513 887 2599 ἔτους
913 2508 1155 2610 ἀνεπλήρωσεν
1180 2509 1231 2582 ἀν.
1268 2511 1328 2581 καί

162 2649 258 2724 οὐδὲν
273 2649 291 2722 ό
305 2649 434 2749 κόσμος
453 2649 622 2751 ἐζημίωτο
639 2659 732 2750 τῷγε
750 2653 796 2739 εἰς
808 2649 871 2738 τοὶς
883 2648 1067 2750 ποιότητας
1083 2649 1193 2749 ῆκειν,
1214 2648 1249 2736 ἐξ
1268 2649 1324 2740 ῶν,

161 2788 206 2878 ῶς
225 2793 371 2890 ε’ίρηται,
397 2793 457 2864 καί
480 2792 636 2890 συνέστη.
674 2789 756 2863 ἀλλ’
779 2787 919 2890 ἀνάγκη
937 2799 1034 2862 πάσα
1049 2791 1167 2890 ιρησίν,
1195 2786 1240 2876 ῶς
1257 2786 1326 2888 ἀῆρ

164 2927 269 3028 πυρός
288 2931 380 3028 μέσῳ
399 2932 458 3002 καί
481 2930 604 3018 ὑδατος
627 2931 790 3032 κέχυται,
815 2931 875 3002 καί
899 2938 1040 3030 χειμῶνι
1063 2931 1122 3001 καὶ
1145 2927 1242 3027 θέρει
1265 2931 1325 3028 ἐαρ
1360 2943 1394 2997 20

163 3069 374 3167 μεσολαβεῖν,
393 3068 438 3140 ἵν’
449 3066 780 3168 ἐπικηρυκευόμενον
799 3069 971 3168 ἑκατέροις
978 3065 1041 3168 τῆν
1049 3093 1087 3140 τε
1101 3065 1219 3168 μάχην
1233 3076 1326 3165 σιρῶν

161 3209 282 3307 ἐπέχοι
305 3211 364 3280 καί
382 3207 419 3280 τό
439 3207 486 3308 μῆ
507 3209 649 3308 ἀλληλα
664 3207 818 3316 Ιιρθείρειν
834 3205 1022 3308 χαρίζοιτο.
1059 3205 1153 3280 ἀλλά
1169 3208 1249 3306 πυρὶ
1266 3209 1326 3305 μὲν

161 3347 188 3419 ῶ
214 3346 312 3435 οὑτος
335 3349 395 3420 καὶ
419 3347 514 3420 ὑθατι
538 3344 670 3445 σώμασί
689 3371 727 3420 τε
751 3349 833 3420 είναι
857 3349 918 3420 καὶ
941 3347 1015 3446 ἅμα
1036 3345 1128 3419 κατά
1144 3344 1188 3418 τά
1205 3347 1247 3418 ἐκ
1264 3355 1324 3418 τοὺ

160 3485 265 3559 αὑτοῶ
279 3467 399 3584 γένους
412 3484 580 3586 ἀλλήλοις
594 3484 855 3587 ἀντιθιηρημένα
867 3483 1050 3583 ὑφεστάναι
1063 3483 1223 3584 ὑπῆρξεν,
1241 3483 1323 3582 ἀμέ-

160 3627 212 3700 λει
242 3629 302 3699 καί
335 3636 397 3726 τῆς
424 3628 533 3726 ἀκρας
559 3625 645 3726 πρός
671 3627 813 3726 ἀλληλα
838 3624 1075 3727 μετειληχόσιν
1101 3623 1324 3713 ἐναντιώσεως
1359 3644 1392 3698 25

161 3765 282 3866 ἐδέησε
300 3769 409 3864 σ’φίσιν
427 3767 540 3866 ὥσπέρ
558 3791 645 3854 τινος
663 3769 887 3866 μεσοστοίχου
901 3774 961 3838 τοὺ
976 3765 1086 3864 ἀέρος,
1105 3765 1206 3860 ιβκαί
1220 3766 1322 3864 ἀμφω

159 3904 250 3978 κατά
261 3904 411 4005 θάτερον
424 3915 649 3979 κοινωνοῦντα
660 3914 724 4006 τῆς
741 3907 870 3979 ἑαυτῶν
888 3907 1092 4004 συστοιχίας,
1112 3903 1177 3977 οὑκ
1195 3902 1323 4003 ἀπεβά-

158 4047 257 4120 λοντο
281 4045 470 4146 πράγματα
494 4047 658 4145 παρέχειν
682 4043 860 4145 ἀλληλοις.
896 4053 1049 4144 χειμῶνα
1074 4045 1195 4117 δὲκαὶ
1220 4043 1324 4142 θέρος

159 4185 239 4258 οὔθ’
255 4183 432 4283 ὑφεστῶτα
449 4184 591 4285 σώματα
609 4186 696 4278 οῖδα,
715 4183 796 4258 οὔθ’
819 4185 891 4283 ἅμα
907 4183 985 4257 κατ’
998 4183 1156 4283 οὐδεμίαν
1173 4180 1323 4256 συνιστά-

160 4352 245 4425 μενα
263 4327 391 4425 σχέσιν.
428 4329 456 4399 εἰ
473 4335 558 4426 γοῶν
577 4335 634 4399 νὺν
652 4335 820 4426 χειμῶνος
838 4326 1050 4422 ἐνισταμένου
1068 4323 1203 4422 οὑδαμῆ
1222 4321 1321 4396 οὑδα-
1356 4328 1391 4382 30
