3040 4734
726 38 746 114 9

641 145 842 154 ιμ’-*ᾳ

153 273 350 366 παρεστῶτε
368 262 478 368 ζωδίφ
496 261 557 353 τάς
582 265 672 364 ὥρας
696 291 748 338 σοι
773 269 940 365 παρίστα,
965 263 1132 354 τοσαύτας
1156 267 1259 354 οόσας
1283 267 1321 337 αἳ

152 405 211 478 τόν
238 403 402 478 ἐνιαύσιον
427 403 558 477 κύκλον
582 404 618 493 έξ
641 405 785 504 ἀμοιβῆς
810 408 845 493 ἔς
869 405 907 477 τό
934 406 1086 503 διηνεκὲς
1111 383 1319 478 διατελοῦσιν

154 543 445 644 ἔπιτροπεόουσαι.
482 547 541 617 καὶ
565 543 633 644 γάρ
650 543 753 616 ταῦθ’
776 545 863 618 οὕτω
887 557 957 632 τοῖς
978 547 1182 644 σοφωτέροις
1206 543 1319 617 ἐδόκει

153 695 220 758 τῶν
237 686 411 758 παλαιῶν·
432 683 511 758 ἀλλ’
525 687 598 756 ἐπεὶ
617 683 664 784 μη
684 687 817 783 ἔκφορα
834 683 877 756 τοὶ
894 683 1011 758 πολλοὶ
1026 694 1092 756 τοῖν
1104 693 1167 786 τῆς
1181 685 1318 782 φιλοσο-

153 827 233 922 φίας
256 822 454 924 δογμάτων,
480 823 552 896 οὐδ’
575 821 662 895 αὐτοὶ
684 822 930 922 παρεδόθησαν
948 825 1090 923 βίβλοις,
1116 823 1196 896 ἀλλ’
1219 821 1265 912 ὡς
1283 827 1318 896 ἔν
1370 841 1386 893 5

155 961 336 1062 συμβόλοις
348 966 423 1054 τισί,
438 965 497 1035 καὶ
512 965 566 1035 οἰα
580 961 623 1062 δη
637 959 680 1034 τά
694 972 760 1035 τῶν
772 959 968 1061 Αἰγυπτίων
983 961 1055 1062 ἱεροὶ
1067 961 1176 1035 πάλαι
1190 962 1318 1063 δήποτε

156 1100 259 1200 λόγος
285 1104 359 1202 ἔχει
382 1099 569 1201 γράμματα
593 1104 788 1200 γεγονέναι,
815 1099 1106 1200 συγκεκρόφαται.
1143 1105 1203 1174 καῖ
1221 1101 1238 1173 ό
1258 1105 1318 1201 μέν
1411 1109 1417 1124 “

157 1242 201 1328 ὣς
218 1243 326 1315 εἰπεν·
355 1241 456 1329 αὐτὸς
473 1242 511 1313 δέ
537 1267 592 1340 μοι
617 1245 686 1314 νυνὶ
710 1240 886 1340 σάμβαλλε
910 1240 973 1340 τὴν
1000 1239 1114 1314 εἰκόνα
1137 1252 1185 1336 τῷ
1207 1240 1316 1341 λόγῳ,

155 1381 219 1452 κάν
229 1383 257 1452 εἰ
267 1381 513 1478 συμβαίνουσαν
528 1379 609 1479 ὁρᾷς
622 1380 714 1452 κατὰ
725 1390 794 1454 πᾶν
809 1378 1073 1472 ότιοιῖν,πείθου.
1093 1383 1152 1452 καὶ
1166 1391 1318 1480 χειμῶνα

154 1523 215 1618 μὲν
233 1518 460 1618 ὑφεστηκέναι
476 1522 552 1617 περὶ
564 1518 621 1590 τόν
635 1517 769 1618 χρόνον,
789 1522 850 1618 ἔαρ
865 1521 902 1592 δὲ
917 1521 1069 1619 εὔφημον
1083 1521 1199 1608 ἄλλως
1213 1521 1318 1618 όνομα
1354 1533 1385 1587 10

152 1657 412 1758 τεθρυλῆσθαι·
433 1661 492 1732 καὶ
510 1656 675 1763 κρατήσει
692 1659 757 1732 κάν
773 1657 882 1754 τούτῳ
906 1658 1009 1732 πάλιν
1035 1662 1077 1733 ἐκ
1099 1660 1232 1732 πολλοῖ
1257 1670 1317 1732 τοῖ

151 1797 325 1897 περιόντος
342 1801 441 1897 ἔαρος
459 1797 477 1870 ό
495 1796 634 1898 χειμών.

258 1936 338 2025 Τοῖς
356 1941 415 2036 μέν
434 1937 492 2010 οὖν
515 1936 622 2036 λόγον
647 1936 750 2036 μόνου
773 1947 834 2011 τοῖ
859 1940 971 2010 καλοῖ
994 1940 1205 2037 ποιουμένοις
1229 1939 1317 2012 οὕτω

153 2073 198 2146 τοὶ
215 2085 281 2147 τῶν
298 2074 394 2174 ὡρῶν
412 2075 667 2176 μετρηθήσεται
690 2080 750 2148 καί
769 2077 856 2149 οὕτω
874 2076 1107 2177 ταχθησεται·
1142 2081 1262 2178 ἰατρῶν
1280 2080 1318 2151 δὲ

154 2217 284 2307 παῖδες,
305 2219 351 2302 εἰς
365 2215 422 2302 οθς
436 2214 507 2314 ἔγω
520 2214 583 2314 την
595 2219 672 2314 περὶ
688 2215 749 2304 τὰς
764 2217 854 2315 ὥρας
867 2216 1024 2315 ἀναφέρω
1039 2221 1317 2316 καινοτομίαν-
1352 2237 1383 2288 15

150 2351 247 2426 οὗτοι
263 2353 331 2452 γάρ
351 2357 385 2441 ἐς
401 2351 445 2426 τοὶ
464 2352 610 2452 μάλιστα
627 2358 862 2454 νεωτεροποιοί
879 2399 929 2408 --
947 2358 1007 2426 καί
1024 2365 1176 2456 τετραχῆ
1191 2356 1229 2429 τό
1244 2360 1318 2445 ἔτος

152 2495 330 2591 διένειμαν.
366 2491 534 2592 πρόφασιν
553 2497 612 2592 μέν
631 2495 676 2582 ὥς
693 2521 723 2566 τι
742 2497 833 2593 μέγα
850 2497 910 2566 καὶ
932 2495 1139 2592 κοινωφελὲς
1161 2499 1237 2594 περὶ
1260 2495 1318 2587 τόν

155 2633 224 2731 βίον
243 2630 447 2730 εἰσάγοντες,
468 2631 652 2732 σοφώτεροι
666 2635 703 2705 δὲ
718 2634 829 2706 δοκεῖν
844 2633 1001 2706 ἐντεῦθεν
1015 2632 1159 2732 οἰόμενοι
1172 2643 1220 2729 τῷ
1233 2635 1317 2708 πολ-

156 2770 235 2860 λοὺς
252 2771 387 2844 ἀπατοῖν
404 2775 464 2844 καί
486 2775 540 2844 ἵνα
564 2770 654 2846 πολθ
680 2775 771 2870 σφίσι
793 2771 964 2871 πορίζοιτο
986 2771 1024 2844 τό
1050 2770 1225 2871 ἀργύριον·
1263 2773 1318 2845 διὰ

157 2920 261 2982 ταῦτα
285 2893 354 3010 γάρ
381 2913 440 2983 καὶ
467 2913 505 2984 οὔ
530 2938 612 3010 φασι
636 2913 704 2984 δεῖν
729 2922 795 2984 τῶν
819 2912 929 2984 αὐτῶν
955 2910 1144 3010 φαρμάκων
1170 2910 1319 3012 ἑκάστης
1349 2936 1383 2988 20

158 3048 246 3146 ὥρας
262 3048 457 3148 λαμβάνειν,
476 3050 633 3150 χρῆσθαι
652 3051 689 3122 δὲ
708 3051 776 3122 δεῖν
793 3059 850 3122 νῖν
866 3053 927 3149 μὲν
940 3061 1019 3142 τοῖς,
1038 3060 1095 3122 νῦν
1110 3051 1147 3122 δέ
1159 3063 1239 3142 τοῖς,
1258 3056 1318 3124 καί

156 3188 281 3260 ἄλλοτε
299 3189 428 3280 ἄλλοις,
455 3187 500 3276 ὥς
526 3191 566 3260 άν
592 3192 731 3278 έκείνοις
754 3191 854 3288 δοκῇ.
891 3192 951 3262 καὶ
975 3188 1050 3261 εἰθε
1074 3191 1174 3289 μέχρι
1196 3188 1316 3264 τούτου

152 3325 193 3397 τό
211 3331 374 3424 προπετὲς
393 3331 550 3428 ἔστησαν.
587 3337 643 3400 νῖν
662 3330 699 3400 δὲ
716 3330 867 3427 τολμῶσι
884 3331 944 3400 καί
960 3327 1085 3416 ταιίτας
1102 3328 1315 3428 όποδιαιρεῖν·

151 3462 324 3564 λεγόντων
338 3476 422 3564 γοῦν
437 3465 594 3554 άκοόσεις
609 3470 644 3538 έν
659 3466 782 3567 ἀρχαῖς
797 3476 987 3565 μεσοῦντος,
1003 3466 1190 3564 φθίνοντος,
1205 3471 1316 3567 ἔαρος,

152 3603 280 3703 θέρους
297 3605 356 3676 καί
374 3614 439 3676 τῶν
457 3606 596 3696 λοιπῶν,
615 3603 706 3676 κατά
724 3630 796 3677 τινα
813 3615 879 3677 τῶν
896 3603 1005 3678 πάλαι
1019 3603 1199 3702 Ῥωμαίων
1218 3633 1317 3707 στρα-
1350 3635 1383 3687 25

152 3743 278 3843 τηγόν·
306 3745 343 3816 δν
367 3745 506 3843 λέγεται
530 3743 759 3843 προίστασθαί
780 3771 868 3833 τινος
893 3743 1015 3831 ἔθνους
1034 3743 1206 3844 λαχόντα·
1244 3749 1317 3819 ἐπεὶ

153 3883 229 3954 κατ’
252 3886 402 3982 ἔμμηνον
434 3887 522 3982 ἔγνω
548 3883 656 3956 πολόν
679 3883 736 3956 τὸν
761 3884 889 3984 δασμόν
913 3883 1209 3983 εἰσπραττόμενος,
1238 3883 1317 3972 τους

151 4032 211 4094 τοῦ
226 4025 323 4110 ἔτους
337 4032 445 4122 μῆνας
459 4021 519 4094 δόο
533 4021 627 4122 παροὶ
639 4032 722 4095 πᾶσι
739 4021 976 4122 νομιζομένους
989 4026 1049 4096 καὶ
1061 4024 1148 4096 δέκα
1160 4027 1237 4122 περί
1248 4049 1315 4096 που

150 4161 230 4248 τους
247 4162 559 4260 τεσσαρεσκαίδεκα
576 4163 846 4234 πεπλεονακέναι
865 4161 1031 4261 ἐπιθυμίᾳ
1048 4173 1108 4238 τοῦ
1126 4163 1204 4234 ὅσον
1221 4163 1315 4234 πλεῖ-

152 4324 230 4372 στον
248 4300 541 4400 χρηματίσασθαι.
607 4381 611 4400 .
1349 4315 1383 4369 30
1503 4297 1504 4300 ’
