3058 4732
719 136 763 204 15

640 237 841 246 ,ψη-

159 363 220 432 καὶ
244 357 452 459 πανηγύρεις
476 355 710 459 ἀποχωρήσας
735 353 949 458 ἠσχόληται·
985 355 1076 428 κάτα
1099 352 1268 442 λαθόντες
1292 354 1323 426 οἱ

159 501 403 598 πολέμιοι·καί
430 501 465 587 ές
491 499 592 596 μέσον
616 495 682 597 πρό
708 494 905 597 αἰσθήσεως
931 495 1098 595 ὠσάμενοι
1120 494 1159 568 τό
1185 491 1323 594 στρατό-

159 639 273 730 πεδον,
290 638 315 738 ἢ
331 635 465 736 σύμπαν
484 635 674 737 διήρπασαν
691 629 751 709 καὶ
769 634 975 736 διέφθειραν,
996 636 1019 736 ἥ
1036 635 1150 722 δεινῶς
1163 643 1247 733 γούν
1260 659 1323 706 κα-

159 776 332 865 κώσαντες
349 774 584 878 ἀνεχώρησαν.
621 778 681 848 καὶ
699 777 791 848 ἔοικέ
803 801 877 864 πως
893 773 931 847 τό
945 778 1022 875 περὶ
1036 774 1118 848 αὐτὸ
1132 773 1324 874 σύμπτωμα

158 927 203 1017 τη
221 927 280 990 τοιῖ
298 925 356 990 νοιῖ
374 913 592 989 καταστάσει.
629 918 689 988 καὶ
706 913 775 1015 γὰρ
793 914 953 1003 κάκεῖνος
970 917 1048 988 εἴσω
1064 917 1123 1015 μὲν
1137 917 1324 1014 ἐπεστραμ-
1376 929 1392 980 5
1515 917 1522 1020 ¹.

161 1059 258 1157 μένος
275 1055 359 1157 πρός
377 1055 497 1129 ἑαυτὸν
521 1055 711 1156 ἀκραιφνὴς
737 1057 844 1154 μένει·
871 1057 931 1127 καί
954 1053 1072 1155 νήφων
1096 1057 1156 1127 καὶ
1180 1052 1324 1153 ἀπαθὴς

161 1196 328 1296 καὶπρὸς
352 1197 390 1269 τό
415 1207 566 1297 κρεῖττον
594 1195 714 1270 ἑαυτόν
741 1193 962 1269 ἀπευθύνων·
998 1193 1262 1294 σκεδαννύμενος
1285 1195 1323 1266 δὲ

162 1338 220 1407 καί
242 1338 319 1435 περὶ
341 1335 386 1408 τοὶ
412 1335 476 1424 ἔξω
503 1334 724 1435 πλανώμενος
748 1334 867 1436 χώραν
891 1338 938 1423 είς
961 1333 1081 1409 ἑαυτὸν
1103 1346 1172 1423 τοῖς
1195 1333 1325 1408 πάθεσι
1432 1323 1436 1332 ’

162 1475 303 1548 δίδωσιν.
340 1475 410 1572 όσιμ
435 1478 543 1558 τοίνυν
566 1474 668 1575 ύγεία
693 1473 793 1548 νόσου
812 1478 948 1548 καὶτοῦ
964 1473 1064 1548 πόλιν
1081 1473 1210 1548 ἁλῶναι
1226 1475 1249 1574 ἢ
1269 1499 1324 1546 τυ-

160 1614 372 1715 ραννηθῆναι
398 1614 437 1687 τό
471 1613 563 1712 κατὰ
592 1612 716 1714 νόμους
745 1613 990 1714 βασιλεύεσθαι
1021 1615 1151 1714 βέλτιον
1181 1617 1324 1687 καὶτοῦ
1360 1626 1393 1680 10

160 1753 317 1854 στρατιὰν
341 1758 383 1827 ἐκ
407 1754 578 1854 ῥᾳθυμίας
596 1753 852 1854 ἀποβάλλοντος
869 1753 1040 1856 ἡγεμόνος
1057 1753 1076 1828 ό
1094 1751 1213 1844 σώζων
1231 1754 1323 1853 ἀμεί-

159 1919 225 1967 νων
249 1897 309 1966 καὶ
332 1893 408 1983 νοός
431 1893 611 1994 ἐμπαθούς
636 1893 798 1995 ἀπαθης,
834 1895 965 1992 τοσῷδε
989 1864 1050 1968 καί
1073 1903 1240 1996 χειμῶνος
1264 1897 1324 1994 έαρ

159 2031 312 2134 ἡττᾶται.

151 2149 153 2154 ¹
260 2168 354 2246 Ἀλλ’
389 2171 558 2274 ἐχώμεθα
590 2175 650 2246 καὶ
682 2171 783 2261 αύθις
811 2181 870 2245 τού
900 2171 1008 2272 λόγου
1037 2171 1242 2266 δεικνύντος,
1281 2171 1327 2262 ώς

162 2309 277 2411 ύγείας
296 2312 488 2413 ἀνθρώποις
506 2312 524 2385 ό
542 2312 672 2414 χειμών
690 2311 881 2412 μονώτατος
899 2316 1012 2402 αἴτιος.
1050 2312 1068 2385 ό
1083 2313 1213 2415 χειμών
1227 2317 1262 2387 έν
1277 2315 1325 2404 οίς
1359 2329 1391 2382 15

161 2455 221 2551 μὲν
239 2453 371 2551 μᾶλλον
389 2451 408 2524 ό
426 2451 555 2551 κόσμος
572 2454 745 2546 κέκλιται,
774 2453 906 2552 μᾶλλον
923 2455 984 2526 καί
1000 2452 1063 2553 την
1082 2457 1208 2527 οἰκείαν
1227 2453 1325 2554 ἰσχύν

160 2592 402 2664 ἐπιδείκνυται·
435 2595 470 2664 έν
489 2595 537 2680 οίς
554 2591 703 2692 δ’ῆττον,
721 2592 842 2693 ηττον·
869 2591 957 2665 ἔνθα
974 2591 1066 2666 δ’ἐπ’
1089 2592 1200 2692 ὀρθῆς
1216 2604 1325 2666 κεῖται

160 2741 222 2832 τῆς
240 2734 395 2831 σφαίρας,
415 2731 487 2805 οὐδ’
510 2730 723 2832 ὀνομάζεται.
756 2731 857 2832 ἀθρει
874 2730 918 2832 δὴ
936 2734 1000 2804 τίσι
1018 2735 1078 2832 μέν
1096 2731 1257 2832 σώμασιν,
1277 2735 1326 2821 οίς

161 2871 179 2944 ό
197 2871 327 2972 χειμών
345 2870 569 2972 ἀκμαιότερος
586 2873 754 2972 ἐπιδημεῖ,
773 2874 962 2973 κέχρηνται
987 2869 1032 2960 ὥς
1058 2875 1118 2970 μὲν
1141 2870 1325 2971 ύγιεινοτοί-

161 3035 239 3102 τοις,
259 3011 304 3100 ώς
322 3009 526 3111 δἐύμήκεσι
543 3015 603 3084 καί
618 3010 866 3104 εύτονωτοίτοις,
885 3009 931 3100 ώς
951 3012 988 3084 δὲ
1002 3010 1220 3101 λευκοτάτοις
1240 3011 1325 3111 όμοιῖ
1357 3031 1392 3084 20

160 3153 221 3223 καὶ
243 3150 541 3252 εύπρεπεστότοις·
582 3155 645 3225 είσί
675 3152 805 3226 δὀύτοι
832 3151 962 3226 Γάλλοι
993 3155 1053 3224 καὶ
1075 3151 1242 3251 Γερμανοὶ
1266 3155 1326 3223 καὶ

160 3289 391 3388 Σαυροματῶν
409 3289 496 3390 ἔθνη
514 3294 575 3364 καί
593 3291 711 3384 ἀλλοι,
738 3291 796 3380 ούς
822 3293 922 3391 ἔργον
940 3289 1166 3390 ἀπαριθμεῖν,
1194 3293 1242 3378 οἷς
1258 3289 1325 3363 ύπό

160 3432 353 3529 περιουσίας
369 3431 429 3504 τού
447 3430 607 3531 ύγιαίνειν
626 3431 697 3504 οὔτ’
716 3429 828 3530 ἰατρός
846 3433 892 3518 εἰς
905 3439 1029 3530 γνῶσιν
1042 3432 1231 3530 ἐφοίτησεν,
1251 3431 1322 3503 οὔτ’

162 3567 316 3668 ἰατρική·
336 3573 384 3659 τίς
401 3571 470 3670 γὰρ
488 3573 589 3672 χρεία
606 3573 743 3671 τέχνης,
763 3569 850 3643 ἔνθα
869 3568 915 3670 μη
937 3571 1025 3642 έστιν
1043 3569 1131 3668 αὕτη
1149 3569 1325 3670 χρῆσθαι;

162 3707 297 3797 ἀντίθες
313 3707 443 3798 τούτοις
459 3709 539 3799 τούς
556 3712 789 3809 νοτιωτέρους,
826 3712 874 3798 οἶς
896 3710 999 3810 ἦττον
1016 3707 1034 3781 ό
1053 3707 1183 3809 χειμών
1200 3711 1326 3810 ἐπιχω-
1360 3732 1394 3784 25

162 3847 279 3948 ριοίζει.
312 3849 436 3922 ούκουν
454 3849 531 3948 ὄψει
546 3848 686 3938 τούτους
698 3848 761 3950 τὴν
775 3852 835 3948 μέν
848 3848 987 3950 ἠλικίαν
1001 3846 1246 3948 βραχυτάτους,
1264 3848 1327 3949 τὴν

162 3987 199 4059 δὲ
217 3986 314 4085 φύσιν
333 3987 629 4081 εύπαθεστοίτους,
657 3991 906 4088 ἐκλελυμένους
929 3991 989 4060 καί
1014 3987 1171 4087 ἀσθενεῖς
1194 3987 1233 4060 τό
1261 4014 1326 4060 σω-

162 4125 296 4234 μοίτιον,
321 4127 640 4228 κατηθαλωμένους
662 4127 725 4229 τήν
744 4128 820 4226 όψιν
837 4130 897 4200 καὶ
914 4127 1064 4226 μέλανας
1081 4129 1141 4200 καὶ
1159 4129 1213 4200 οἶα
1230 4125 1275 4199 τοὶ
1291 4130 1326 4200 ἐν

161 4277 235 4354 ταῖς
251 4264 393 4364 τριόδοις
409 4266 612 4367 πλαζόμενοι
635 4267 756 4356 νυκτός
781 4267 907 4340 εἴδωλα
924 4269 984 4339 καὶ
1001 4276 1161 4339 τοσούτου
1178 4266 1325 4366 δυσπρα-

161 4415 307 4505 γούντας
321 4405 412 4478 κατὰ
424 4416 492 4480 πᾶν
507 4405 627 4500 ότιούν,
647 4407 725 4479 όσον
741 4409 907 4506 εἴργονται
921 4413 984 4504 τῆς
998 4413 1058 4476 τοῖ
1073 4413 1240 4504 χειμῶνος
1255 4407 1325 4478 έπι-
1359 4413 1395 4468 30
