3040 4734
207 325 271 413 μού
289 314 393 413 θέρος
407 313 584 414 όράται-
594 314 673 386 ούδὲ
685 313 754 414 γάρ
767 313 893 414 θέρους
905 317 1143 413 ἐπιγενομένου
1157 312 1286 414 χειμών
1301 339 1370 387 που

205 453 519 555 περιλειφθήσεται,
538 454 675 554 θατέρῳ
694 455 732 526 δέ
750 453 897 554 θάτερον
909 465 1114 555 παραχωρεῖ
1123 458 1182 528 καὶ
1195 452 1371 528 ύποκατα-

205 594 322 685 κλίνει,
343 593 390 695 μὴ
410 594 587 667 ἀντιτεῖνον
603 593 881 693 ἢλυμαινόμενον
897 604 945 689 τῷ
962 596 1073 690 λοιπῷ
1083 639 1143 687 -,
1155 597 1203 683 τίς
1215 593 1270 693 ἦν,
1287 591 1370 692 φής,

206 730 418 832 ἀνάγκηκαὶ
433 734 493 832 έαρ
508 731 621 820 αύτοῖς
633 731 960 833 παρεμβεβλῆσθαι;
993 732 1073 806 ούδέ
1086 732 1155 833 γάρ
1167 733 1263 833 παρά
1274 731 1368 806 τοῦτ’

205 873 246 944 ἀν
263 883 379 972 χεῖρον
397 870 415 944 ὃ
433 869 562 970 κόσμος
580 870 807 972 ᾠκονομηθη.

304 1009 429 1085 Ὁπότε
446 1021 531 1112 γοῦν
547 1010 676 1112 χειμών
695 1014 754 1111 μὲν
772 1010 960 1110 ἀναγκαῖος
984 1011 1180 1112 ἀπεδείχθη
1205 1022 1254 1108 τηῖ
1270 1016 1373 1086 παντὶ

205 1154 265 1224 καί
279 1149 552 1251 ὠφελιμώτατος,
566 1151 693 1250 ἥκιστα
706 1149 795 1224 δὲτὸ
811 1153 871 1251 ἔαρ
884 1159 1045 1243 τοιοῦτον,
1060 1162 1200 1226 σκοπεῖν
1212 1155 1370 1251 παρίημι,

206 1289 302 1386 πόσῳ
320 1288 440 1363 τούτου
466 1293 594 1378 ἐκεῖνος
616 1287 800 1390 ύπερτερεῖ.
838 1292 898 1363 καὶ
924 1290 1013 1363 ούτω
1031 1293 1092 1389 μέν
1108 1300 1275 1391 χειμῶνος
1291 1290 1372 1364 τόδε

205 1428 244 1502 τό
262 1427 397 1529 σύμπαν
415 1428 585 1503 ἀπώνατο.
621 1441 691 1518 τοῖς
714 1429 787 1502 δ’έν
811 1429 904 1526 αύτῷ
928 1430 1154 1529 διαιτωμένοις
1178 1429 1373 1530 ἀνθρώποις

140 1590 173 1643 10
207 1568 422 1670 ἀπρόσφορος
440 1570 538 1658 ούτος
555 1568 661 1668 ὤφθη
679 1572 739 1641 καί
757 1567 1024 1670 ἀκατάλληλος,
1044 1571 1068 1669 ἦ
1087 1569 1280 1669 πρόσφορος
1298 1573 1370 1670 μέν,

206 1710 246 1782 ού
269 1719 353 1782 ποῖοι
371 1710 425 1781 δέ·
445 1711 469 1810 ἢ
488 1718 573 1782 πᾶσι
592 1711 662 1807 μέν,
682 1707 763 1780 ἀλλ’
785 1707 853 1809 ούχ
871 1709 935 1782 ὅσα
952 1711 1033 1808 ἔτη·
1060 1710 1084 1808 ἢ
1103 1712 1279 1782 καὶτοῦτο
1298 1712 1370 1808 μέν,

207 1853 280 1949 ἔχει
298 1850 336 1921 δὲ
353 1851 413 1922 καί
432 1873 464 1920 τι
480 1847 591 1921 κακόν
609 1851 645 1921 ἐν
662 1848 755 1944 αύτῷ
779 1846 1044 1947 παραπεφυκός,
1071 1848 1239 1947 οὐδαμῶς.
1277 1847 1370 1921 ἀλλά

206 1991 266 2061 καὶ
283 1997 403 2060 κακῶν
421 1986 550 2086 ἀμιγὴς
568 1989 638 2080 καί,
659 1985 777 2076 όσάκις
794 1959 836 2059 ἀν
854 1990 974 2086 ἐπιστῇ
991 1989 1297 2087 περιπορευομένου
1311 1997 1369 2060 τού

206 2125 351 2228 χρόνου,
376 2128 653 2214 λυσιτελέστατος
671 2129 730 2199 καὶ
748 2125 814 2199 ούκ
831 2129 918 2200 ἔστιν
936 2129 985 2214 οίς
1001 2135 1067 2199 τών
1086 2125 1286 2228 ἁπανταχοῦ
1303 2137 1373 2228 γῆς

141 2283 173 2335 15
209 2267 248 2340 ού
271 2270 398 2366 γίνεται
414 2263 684 2366 χρησιμώτατος.
721 2265 819 2354 ούτος
848 2263 918 2365 γάρ
950 2263 969 2336 ὁ
997 2263 1146 2364 σώμασιν
1172 2264 1289 2365 ὑγείαν
1313 2268 1374 2338 καὶ

208 2407 356 2481 εὐτονίαν
374 2405 602 2506 δωρούμενος,
629 2405 647 2479 ό
664 2404 772 2479 νόσων
790 2404 919 2506 ἐλατηρ
937 2405 1013 2478 ὅσαι
1032 2431 1070 2478 τε
1088 2409 1188 2505 ἔαρος
1204 2407 1228 2506 ἢ
1248 2405 1375 2505 θέρους

208 2549 232 2646 ἀγ
259 2544 477 2645 φθινοπώρου
502 2546 696 2646 ἐνέσκηψαν
719 2549 779 2618 καὶ
803 2545 879 2617 ὅσαι
901 2546 1105 2645 προσβαλεῖν
1129 2543 1372 2643 ύπεφαίνοντο·

209 2689 243 2758 ἐν
266 2684 375 2782 τούτῳ
399 2685 468 2785 γάρ
493 2685 532 2759 τὸ
559 2689 594 2758 ἐν
617 2695 662 2785 τη
681 2684 779 2784 φύσει
797 2695 858 2758 τοιῖ
880 2683 970 2774 ζώου
993 2683 1123 2784 θερμόν
1142 2687 1220 2758 ε’ίσω
1235 2710 1273 2757 τε
1288 2683 1376 2784 πρὸς

209 2825 309 2898 ἑαυτό
328 2827 526 2925 ἐπιστρέφον
543 2828 603 2897 καί
620 2824 682 2924 τὴν
707 2824 799 2914 ἐντός
825 2827 1018 2924 οἰκονομίαν
1041 2824 1126 2924 πρὸς
1146 2823 1184 2897 τό
1204 2825 1376 2922 βέλτιστον

142 2984 176 3037 20
208 2963 356 3066 χειρίζον
378 2967 439 3036 καί
463 2962 631 3063 διεξάγον.
678 2966 732 3036 οία
763 2964 806 3063 δη
831 2963 870 3036 τὸ
894 2973 961 3036 τών
986 2965 1076 3036 ὅλων
1101 2973 1204 3064 κύρος
1228 2962 1375 3037 ἑκόντων

208 3102 421 3204 παρειληφδς
439 3104 517 3176 ούτέ
534 3129 594 3176 τινι
611 3111 677 3174 τών
703 3101 832 3190 ἔξωθεν
858 3105 1039 3175 εἰσπίπτειν
1063 3105 1194 3203 ἐφίησι·
1221 3106 1281 3175 καὶ
1299 3107 1375 3177 εἴτι

210 3247 362 3344 φλαῦρον
380 3241 519 3315 ἔνδοθεν
537 3241 583 3330 ώς
601 3244 636 3314 ἐν
653 3239 753 3314 πόλει
769 3244 920 3341 τυραννὶς
936 3241 1128 3341 ἀναφυῆναι
1147 3242 1280 3317 δίδωσιν
1293 3241 1373 3317 ύπο-

212 3385 308 3482 ψίαν,
333 3379 658 3482 προκαταλαμβάνει
674 3389 722 3476 τῷ
735 3405 773 3453 τε
791 3378 959 3454 δύνασθαι
977 3383 1037 3452 καὶ
1052 3391 1154 3453 πᾶσιν
1171 3381 1377 3480 ἐφίστασθαι

211 3526 271 3595 καὶ
288 3520 435 3595 διαλύειν
451 3520 514 3620 την
538 3519 630 3593 κατά
653 3529 716 3619 τῆς
738 3529 798 3593 τού
825 3518 915 3610 ζώου
939 3521 1111 3608 πολιτείας
1135 3523 1376 3621 συνισταμένην

144 3685 177 3738 25
212 3665 432 3760 συνωμοσίαν.
469 3663 504 3734 ἐν
522 3663 595 3759 έαρι
615 3660 652 3732 δὲ
669 3669 736 3732 πᾶν
755 3660 889 3758 ἀπαντᾷ
905 3660 1104 3733 τούναντίον·
1126 3659 1226 3749 ἐξεισι
1240 3660 1375 3760 μὲνγὰρ

211 3800 347 3900 περὶτὰ
365 3800 430 3888 ἔξω
448 3798 524 3873 τότε
542 3797 763 3900 διαχεόμενον
780 3809 879 3872 τούτο
898 3799 941 3900 δη
960 3797 999 3872 τὸ
1012 3799 1154 3900 θερμόν,
1173 3810 1235 3900 τῆς
1247 3826 1377 3900 προση-

186 3940 343 4042 ,κούσης
369 3941 461 4036 αύτηῖ
487 3942 699 4040 λειτουργίας
726 3938 995 4039 ἐπιλαθόμενον,
1037 3942 1184 4040 εἰσπηδᾷ
1216 3938 1246 4010 δ’
1260 3941 1307 4028 είς
1337 3939 1376 4012 τό
1507 4023 1508 4028 1

213 4080 301 4171 ζῶον
318 4079 357 4153 τό
373 4079 490 4169 πάθος
507 4080 598 4153 κατὰ
615 4079 751 4180 πολλὴν
768 4089 828 4155 τού
846 4079 1039 4170 κωλύοντος
1056 4082 1214 4181 ἐρημίαν·
1236 4076 1281 4168 ώς
1291 4082 1377 4170 εἴτις

213 4219 368 4320 ἐξάρχων
403 4218 577 4318 δυνάμεως
608 4223 643 4292 ἐν
673 4218 922 4318 δυσφυλάκτοις
950 4223 1088 4320 χωρίοις
1117 4220 1377 4320 ἐστρατοπεδευ-
1507 4261 1508 4270 1

146 4365 181 4418 30
216 4361 314 4457 μένος
329 4358 392 4458 την
411 4357 566 4458 στρατιάν
585 4358 688 4431 αύτού
706 4359 918 4457 καταλείψας
934 4362 1011 4459 περί
1028 4358 1162 4459 θέατρα
1177 4363 1237 4433 καὶ
1249 4357 1377 4456 λουτρά
1507 4385 1508 4398 ’
