3058 4732
779 88 824 156 12

220 303 348 405 ταύτην
364 308 424 378 κοιῖ
448 307 578 404 ἑορταῖς
599 309 659 378 καὶ
681 305 816 395 θυσίαις
842 308 1044 406 δημοτελέσι
1066 305 1168 422 νόμον
1188 307 1300 383 θεῖνοιι
1323 336 1381 409 γε-

222 448 360 544 ραίρειν·
380 448 440 518 καὶ
459 449 662 544 μαρτυρσῶσί
685 471 741 544 μοι
761 456 822 520 τοῦ
849 445 957 546 λόγου
980 450 1039 520 καὶ
1061 446 1230 520 καλάνδαι
1255 452 1381 521 ἰαννου-

221 582 327 682 ἀρειοι
344 581 458 656 καὶτὸ
477 583 513 671 ἐξ
531 587 661 657 ἐκείνου
679 587 739 656 καὶ
757 587 803 672 εἰς
820 583 899 657 τόδε
916 595 1091 686 κρατῆσαν
1108 585 1202 674 ἔθος.

324 722 395 796 Καὶ
419 722 513 822 ὑμεῖς
542 724 579 796 δέ
604 724 676 796 ὅσοι
693 749 736 824 γε
760 733 826 797 τῶν
853 723 1029 817 ἀπάντων;
1057 726 1113 826 ἀρ’
1132 726 1190 798 οὖν
1215 725 1314 798 ἱκανοὶ
1339 725 1382 797 τά

171 880 186 931 5
222 865 381 962 εἰρημένα
397 861 593 956 πεπεῖσθαι,
611 867 660 952 τίς
678 867 738 963 μέν
755 864 884 964 χειμών
903 868 964 938 καὶ
980 875 1146 965 χειμῶνος
1160 863 1310 965 τιμιότης
1322 866 1382 936 καὶ

220 1001 338 1102 ἀρετή,
356 1006 388 1074 τί
404 1001 500 1101 δ’ἔαρ
518 1005 577 1075 καὶ
594 1006 693 1102 ἔαρος
710 1002 925 1104 ταπεινότης,
951 1004 1243 1103 ἀποδεδειγμένων
1264 1005 1381 1076 ἑκατέ-

220 1166 287 1241 ρων
305 1143 347 1213 ἔκ
364 1166 401 1212 τε
418 1141 558 1214 πολλῶν
576 1143 694 1214 ἀλλων
711 1146 771 1216 καὶ
789 1142 825 1231 ἐξ
840 1143 886 1216 ὥν
899 1145 931 1215 οἱ
943 1142 1162 1242 παλαιότεροί
1173 1169 1210 1216 τε
1224 1141 1309 1241 όμοῶ
1322 1146 1382 1215 καὶ

130 1267 132 1270 ’
220 1279 405 1379 σοφώτεροι
421 1283 498 1379 περὶ
523 1278 633 1354 αὐτῶν
650 1279 892 1382 όπειληιρασιν;
925 1283 948 1382 ἢ
975 1285 1035 1354 καὶ
1060 1285 1088 1354 εἰ
1112 1283 1265 1355 συντελεῖ
1279 1307 1310 1353 τι
1332 1291 1380 1377 τῷ

218 1418 337 1517 κόσμῳ
354 1418 494 1519 χειμών,
514 1419 695 1514 ἀπαιτεῖτε,
714 1425 774 1494 καὶ
791 1425 820 1493 εἰ
836 1433 906 1510 τοῖς
923 1421 1117 1520 ἀνθρώποις
1135 1419 1381 1521 ἁρμοδιώτερος

154 1572 185 1624 10
218 1562 329 1658 ἔαρος,
364 1563 418 1631 ἵνα
436 1559 479 1659 δη
498 1563 558 1632 καὶ
576 1561 696 1659 ἐντελῆ
714 1560 777 1660 την
794 1564 870 1660 περὶ
895 1561 999 1634 αότοιῖ
1026 1561 1230 1661 ἐξενέγκητε
1248 1561 1379 1661 ψηφον;

218 1701 278 1771 καὶ
303 1708 387 1798 γοιῖν
414 1698 622 1800 ἐπιχειρήσω
653 1703 713 1772 καῖ
736 1698 865 1788 τούτοις
892 1701 1058 1802 μηδεμίαν
1087 1700 1260 1800 ἀναβολὴν
1282 1726 1380 1800 ποιη-

217 1838 371 1938 σάμενος.

322 1978 393 2050 Καὶ
410 1986 555 2076 πρῶτον,
583 1977 633 2050 ότι
658 1981 687 2050 εί
713 1978 760 2078 μη
786 1978 915 2080 χειμών
940 1979 1001 2079 ἦν,
1026 1978 1147 2051 οὔδ’ἀν
1170 1977 1298 2077 κόσμος
1320 1979 1378 2080 ἦν·

220 2121 319 2216 ἔαρος
337 2119 374 2190 δέ
392 2117 439 2217 μη
459 2118 565 2210 ὄντος,
584 2117 682 2190 οάδὲν
707 2119 864 2217 ἐμποδῶν
884 2117 931 2217 μη
947 2115 1086 2215 ’κόσμον
1110 2118 1148 2190 εὖ
1173 2118 1379 2192 συνεστάναι.

154 2272 184 2324 15
220 2256 273 2329 ἀεὶ
290 2255 359 2356 γάρ
378 2255 528 2356 ἑκάστης
544 2267 750 2357 περιτροπῆς
768 2261 862 2345 ἔτους
879 2256 983 2356 θέρος
1001 2254 1275 2356 ἀναφλεγοόσης,
1290 2261 1378 2349 ἐπει-

219 2396 282 2469 δοὶν
300 2394 485 2496 ἔγγότερον
501 2395 583 2497 ημῖν
600 2395 766 2497 έπιστηση
791 2397 849 2469 τὸν
876 2397 993 2495 ἥλιον,
1019 2399 1079 2468 καὶ
1102 2405 1288 2496 τηνικαῦτα
1313 2406 1380 2469 τῶν

219 2539 280 2635 μέν
296 2545 457 2635 ποταμῶν
474 2545 540 2607 τῶν
558 2539 618 2635 μέν
636 2537 855 2635 μειουμένων,
879 2545 945 2608 τῶν
973 2536 1010 2608 δέ
1035 2533 1245 2608 παντάπασιν
1269 2536 1377 2608 ἔκλει-

218 2673 367 2748 πόντων·
393 2683 516 2774 πηγῶν
534 2675 572 2746 δέ
589 2677 648 2746 καῖ
667 2676 792 2774 λιμνῶν
817 2678 877 2747 καὶ
907 2673 1061 2774 φρεάτων
1085 2673 1161 2746 οὐδ’
1183 2673 1292 2747 αὐτῶν
1317 2684 1380 2775 τῆς
1518 2757 1519 2780 ,

219 2813 376 2887 ἐντεῦθεν
394 2822 570 2912 συμιροροῖς
587 2813 651 2900 ἐ’ξω
669 2813 945 2912 καθισταμένων·
966 2817 1025 2886 καί
1042 2823 1102 2886 τοιῖ
1122 2817 1181 2912 μέν
1198 2817 1274 2913 περὶ
1287 2811 1380 2912 ἡμᾶς

150 2970 185 3023 20
217 2953 318 3053 ἀέρος
345 2951 583 3052 ξηραινομένου
601 2961 663 3051 τῆς
684 2977 722 3026 τε
739 2964 808 3054 γῆς
830 2956 1059 3052 κραυροτέρας
1085 2952 1377 3051 ἀποτελουμένης·

218 3102 324 3190 ιρυτοῶ
343 3093 380 3164 δέ
397 3094 457 3164 καὶ
473 3089 561 3179 πόας
579 3089 716 3190 ἀπάσης
733 3091 955 3191 αὐαινομένης
968 3099 1016 3187 τῷ
1029 3101 1143 3164 πᾶσαν
1158 3090 1380 3192 πανταχόθεν
1517 3081 1518 3084 “

218 3231 429 3330 ἀνιμωμένην
459 3228 619 3329 οἴχεσθαι
642 3226 705 3329 τὴν
730 3227 922 3329 ὑγρότητα,
955 3233 1049 3329 ἔχοις
1075 3233 1179 3304 εἰπεῖν
1201 3228 1312 3304 πόθεν
1338 3231 1378 3302 ἀν

169 3453 174 3462 ‚
217 3370 318 3458 αὖθις
336 3366 483 3468 ἀνθησοι
500 3366 645 3467 κόσμος;
665 3366 776 3441 πόθεν
794 3371 829 3455 ές
846 3367 885 3440 τὸ
903 3369 1089 3456 πολυτελές
1108 3372 1150 3441 ἔκ
1168 3379 1228 3442 τοῖν
1246 3371 1379 3457 ἔνδεοῖς
1516 3363 1517 3395 ¹

218 3508 484 3608 ἀντιπερισταίη;
518 3505 646 3599 πόθεν,
674 3505 798 3607 μηκέτ’
821 3508 904 3579 εἶναι
927 3505 1055 3606 κόσμος
1076 3507 1294 3600 κινδυνεύων,
1321 3508 1379 3580 τὸν

150 3671 184 3725 25
217 3649 369 3722 κίνδυνον
387 3647 622 3737 ἀποσείσαιτο;
650 3645 730 3720 ἀλλ’
752 3645 849 3718 οὐδὲν
872 3647 1013 3747 ἀδηλον.
1050 3649 1080 3720 εἰ
1096 3647 1166 3748 γάρ
1185 3647 1232 3748 μη
1251 3646 1379 3747 χειμών

218 3790 391 3887 ἐπεγίνετο
408 3795 468 3859 τοῶ
485 3785 586 3886 ἡλίου
603 3782 832 3884 πορρώτερον,
860 3785 884 3885 ἢ
904 3786 991 3859 ὥστε
1008 3789 1051 3860 ἔκ
1071 3797 1131 3860 ποῖ
1153 3789 1228 3859 ἴσου
1249 3795 1292 3884 τῇ
1316 3785 1378 3859 θε-

217 3928 293 4026 ρείᾳ
309 3926 415 4024 φλογὶ
431 3936 500 4013 τοῖς
522 3923 608 3998 καθ’
629 3921 723 4024 ἡμᾶς
744 3922 973 4023 προσβάλλειν
998 3925 1192 4026 γινομένου,
1226 3923 1378 3998 ἀνισοτοί-

217 4090 284 4138 των
301 4062 458 4164 δηλονότι
474 4062 644 4138 καθ’ὅσον
662 4061 732 4136 οίόν
744 4088 781 4136 τε
798 4063 889 4136 κατά
905 4063 944 4136 τὸ
959 4063 1181 4165 μεσημβρινὸν
1193 4073 1259 4136 τῶν
1273 4063 1328 4137 διά
1341 4091 1377 4138 τε

218 4212 286 4276 τῶν
303 4201 447 4276 ἀκτίνων
463 4205 523 4275 καὶ
539 4213 599 4276 τοῦ
618 4202 673 4276 διά
689 4212 748 4276 τοῶ
767 4201 935 4302 ὁρίζοντος
953 4203 1112 4276 ἐπιπέδου
1136 4207 1378 4305 συνισταμένων

151 4375 187 4431 30
220 4349 367 4440 γωνιῶν,
398 4339 508 4414 πάλαι
535 4342 576 4416 ἀν
600 4341 757 4442 ἐγεγόνει
778 4341 951 4442 πάρεργον
975 4343 1101 4442 θέρους
1124 4341 1142 4416 ό
1166 4343 1294 4444 κόσμος
1318 4346 1378 4416 καῖ
