3058 4732
650 1 854 92 .10'

292 233 387 310 Ἀλλ’
407 241 512 310 ἔστω·
533 237 689 310 δεδόσθω
703 241 763 310 οιαὶ
777 243 837 339 ἔαρ
853 243 899 328 εἰς
911 238 972 328 τάς
985 240 1075 340 ὥρας
1089 239 1352 340 εἰσγράφεσθαι·

193 377 363 448 ἀλλὰκαὶ
381 379 411 449 εί
423 403 453 448 τι
470 376 588 478 χάριεν
606 377 672 451 όπό
690 387 756 450 τῶν
772 380 912 452 πολλῶν
930 380 1187 480 ἀποαληροῶται
1204 391 1251 476 τῶ
1270 385 1353 481 ἔαρι,

191 526 239 612 τῶ
265 526 406 616 χειμῶνι
431 521 491 589 καὶ
514 527 613 590 τοῶτο
637 518 932 618 προσλογίζεσθαι
962 519 1052 620 χρή,
1082 523 1137 592 οία
1161 520 1203 620 δή
1229 521 1272 594 τά
1294 531 1355 593 τοῶ

194 659 315 756 μέρους
332 667 380 753 τῷ
399 658 488 754 ὅλῳ·
516 659 565 730 ότι
583 661 642 732 καὶ
661 661 761 758 μέρος
778 669 944 759 χειμῶνος
961 660 999 732 τό
1019 663 1096 760 ἔαρ,
1122 659 1214 732 κατὰ
1238 659 1356 759 μικρὸν
1406 661 1408 665 ’
1473 702 1476 708 ,

141 810 157 863 5
194 797 374 885 ἀνεθέντος
391 800 451 869 οιαὶ
468 796 692 897 λωφήσαντος
709 799 865 898 ὕστερον·
888 801 961 872 ἐπεὶ
979 798 1047 898 γὰρ
1066 798 1084 870 ό
1103 803 1163 898 μὲν
1179 798 1302 899 χρόνος
1320 801 1355 870 ἔν

193 935 288 1032 ἀιδίῳ
308 945 414 1035 φορᾷ,
441 935 502 1024 τὰς
520 935 551 1007 δ’
569 937 669 1036 ῶρας,
689 945 788 1035 ποινή
807 940 867 1034 μὲν
884 935 997 1026 πάσας
1017 940 1077 1010 καὶ
1094 937 1258 1038 ἀλλήλων
1277 941 1355 1039 ἔχο-

98 1079 101 1090 '
194 1077 306 1173 μένας,
327 1075 440 1161 ἀιδίως
457 1077 517 1145 οιαὶ
535 1073 639 1163 αότάς
657 1074 825 1147 κινεῖσθαι
843 1075 1050 1174 συμβέβηκε.
1086 1085 1185 1148 τοῶτο
1206 1075 1274 1174 γάρ
1291 1075 1357 1148 πά-

194 1216 246 1287 λιν
265 1212 283 1285 ό
302 1211 436 1314 χρόνος,
456 1223 504 1309 τῷ
524 1214 562 1286 δὲ
586 1215 767 1286 διαλείπειν
793 1217 852 1286 καὶ
875 1226 1095 1315 παραχωρεῖν
1119 1217 1236 1314 ἑτέραν
1257 1217 1357 1314 ἑτέρᾳ

194 1363 253 1426 τοῦ
270 1356 347 1453 περὶ
364 1351 421 1424 τόν
438 1351 567 1452 κόσμον
595 1356 687 1452 ἔχειν
713 1352 817 1441 αότάς
843 1352 928 1425 καθ’
952 1352 1056 1441 αότάς
1076 1357 1272 1452 παυομένην
1295 1355 1357 1454 τήν

127 1508 160 1562 10
195 1495 450 1592 νιίνησινέχειν·
476 1503 590 1564 πᾶσαν
609 1493 646 1563 δὲ
668 1491 811 1591 ἠρεμίαν
838 1493 1018 1592 δεχομένη
1035 1497 1165 1592 κίνησις
1189 1493 1253 1565 οὐκ
1277 1493 1356 1566 ἀνευ

194 1642 254 1705 τοῶ
272 1632 458 1730 κατολίγου
479 1629 668 1730 ἀπολήγειν
682 1629 838 1729 γίνεσθαι
855 1633 1000 1729 πέφυκε.
1033 1635 1093 1703 καὶ
1110 1632 1201 1704 τοῦτ’
1218 1636 1260 1704 ἔτι
1273 1634 1356 1706 πολ-

195 1775 265 1845 λῶν
284 1773 400 1872 δήλον.
438 1769 687 1870 καθαρώτατον
706 1771 748 1870 δή
769 1770 814 1859 ῶς
832 1773 891 1843 καὶ
909 1770 1049 1871 χειμών,
1076 1771 1142 1872 οόχ
1160 1770 1206 1860 ῶς
1224 1773 1355 1872 ἑτέρως,

196 1910 276 1983 ἀλλ’
282 1909 328 1998 ῶς
346 1911 419 2009 ὥρα
431 1919 493 2009 τής
507 1907 674 2008 ιιινήσεως
688 1907 857 2008 στήσεται.
890 1884 952 1982 οιαὶΙ
963 1911 1061 1998 τέλος
1075 1913 1167 1983 ἔσται
1182 1911 1238 1984 τόν
1248 1891 1357 2011 λόγον

195 2061 313 2123 τοῦτον
330 2057 497 2148 χειμῶνος
514 2047 552 2120 τό
572 2051 644 2147 ἔαρ.

131 2209 162 2261 15
300 2187 372 2260 Καὶ
388 2185 518 2288 χειμών
536 2187 814 2284 ἔπιπρατέστερος
832 2187 941 2285 ἔαρος.
977 2189 1001 2287 ή
1017 2188 1084 2288 οὐχ
1109 2187 1208 2288 δρᾷς,
1237 2185 1282 2274 ῶς
1299 2191 1359 2260 καὶ

197 2327 281 2427 πρὸς
298 2337 364 2399 τῶν
379 2324 745 2424 ὀνοματοθετησάντων
760 2324 878 2423 ὀλίγον
893 2327 961 2398 δεῖν
976 2327 1047 2399 οόδ’
1066 2327 1229 2426 ὀνόματος
1242 2337 1359 2425 τυχεῖν
1399 2341 1401 2345 “

196 2467 235 2541 τό
251 2471 311 2567 ἔαρ
327 2467 515 2566 ἐμέλλησε;
531 2476 604 2554 πῶς
616 2464 684 2564 γὰρ
698 2475 850 2565 χειμῶνι,
859 2475 931 2553 πῶς
939 2465 1045 2566 θέρει,
1054 2477 1126 2554 πῶς
1136 2463 1357 2563 φθινοπώρῳ;

199 2605 334 2701 ἔκάστιμ
352 2604 479 2678 τοότων
495 2607 519 2705 ή
537 2604 677 2704 πλήθος
701 2605 724 2703 ή
751 2606 885 2692 ἔντασις
909 2605 1100 2702 συλλαβῶν,
1124 2605 1148 2703 ή
1173 2602 1359 2702 συμφώνων

199 2755 283 2846 γοῦν
301 2742 492 2844 ηότυχήθη
511 2746 703 2843 περιουσία·
724 2745 784 2842 ἔαρ
804 2744 841 2814 δέ
857 2741 1127 2834 πάντωνένδεές,
1143 2741 1252 2839 ψιλόν,
1267 2769 1360 2815 συνε-
1422 2781 1424 2786 ·

130 2908 166 2962 20
200 2887 395 2986 ληλαμένον
414 2887 448 2971 ἔς
465 2881 503 2955 τό
522 2881 753 2982 βραχύτατον·
780 2885 872 2954 ἔοικε
890 2881 958 2982 γάρ
975 2907 1048 2970 πως
1062 2885 1121 2954 καὶ
1139 2881 1363 2982 ἀπειρημένον

201 3029 284 3098 εἶναι
300 3022 395 3122 παρά
412 3034 480 3110 τοῖς
504 3021 658 3122 ἀρχαίοις
674 3009 744 3121 Ιἔαρ
767 3020 1043 3120 προσαγορεύειν,
1068 3024 1128 3094 οιαὶ
1150 3019 1208 3093 τόν
1233 3024 1294 3120 ἔαρ
1320 3024 1362 3094 εί-

200 3163 308 3238 πόντα
327 3165 368 3235 ἔα
385 3163 445 3233 καῖ
460 3159 506 3260 μή
522 3159 631 3260 φράζε
645 3159 802 3260 δηλονότι
816 3159 971 3233 ἀκοόειν·
990 3163 1129 3260 ποιηταὶ
1142 3161 1180 3232 δὲ
1193 3163 1253 3232 καὶ
1265 3186 1363 3261 ποιη-

200 3313 267 3376 τῶν
284 3302 415 3393 παιδες,
436 3301 467 3372 οἱ
483 3303 543 3372 οιαὶ
561 3299 707 3397 μάλιστα
724 3299 817 3372 θεῶν
835 3299 961 3388 εἰδότες
975 3303 1034 3372 καὶ
1047 3299 1173 3398 βουλάς
1186 3304 1246 3372 ιιαῖ
1260 3299 1363 3399 ἀπόρ-

203 3469 302 3546 ρητα,
317 3445 376 3516 καί
391 3441 507 3542 ἐξᾶραι
520 3441 610 3515 τοῦτ’
623 3439 760 3541 ήβουλή
768 3441 895 3541 θησαν.
915 3450 958 3538 τή
968 3441 1004 3511 δὲ
1012 3442 1087 3539 περὶ
1095 3437 1152 3510 τόν
1162 3439 1364 3540 ἑλληνισμόν

133 3607 167 3662 25
202 3585 392 3685 κηδεμονίᾳ
409 3585 468 3654 καὶ
486 3581 568 3654 διότι
587 3580 629 3681 δή
648 3590 707 3653 τοῦ
725 3580 886 3680 πλήθους
903 3589 970 3652 τῶν
988 3577 1160 3678 ὀνομάτων
1181 3578 1365 3679 ἀπλήστως

204 3727 314 3824 είχον,
341 3725 515 3820 ἐφείσαντο
533 3723 605 3821 μέν,
631 3721 789 3793 συνεῖλον
814 3721 851 3792 δέ
876 3722 911 3808 ἐς
940 3720 1017 3792 ὀσον
1044 3718 1230 3817 ὀλίγιστον,
1255 3718 1300 3817 ήρ
1325 3717 1364 3789 τό

205 3867 266 3962 ἔαρ
283 3860 563 3962 προσειρηκότες,
589 3860 676 3933 ὥστε
700 3855 882 3931 λανθάνειν
905 3857 996 3930 κατὰ
1020 3857 1083 3958 τήν
1106 3861 1281 3931 συνέπειαν
1306 3861 1365 3930 καὶ

205 4001 252 4103 μή
274 3999 397 4100 μεταξύ
409 3998 587 4100 γλεγόντων
603 3997 682 4087 τοός
700 3996 888 4086 ἀκούοντας
906 3999 1144 4098 δυσχεραίνειν.

311 4139 411 4213 Οότω
430 4141 467 4211 δὲ
484 4135 632 4238 προιόντι
648 4147 696 4232 τῷ
714 4135 812 4236 λόγῳ
836 4139 895 4210 καὶ
921 4139 1032 4236 ἔτερον
1056 4133 1241 4208 ἀνακόπτει
1259 4132 1366 4234 ιιεφιίν

136 4289 172 4343 30
204 4281 312 4376 λαιον,
338 4279 380 4352 δι’
403 4279 507 4376 οόπερ
532 4275 599 4376 οὐχ
624 4277 674 4348 ότι
696 4279 813 4375 ἔαρος,
840 4276 932 4350 ἀλλά
956 4277 1016 4348 καὶ
1038 4284 1105 4347 τῶν
1130 4275 1245 4350 ἄλλων
1271 4274 1366 4375 ώρῶν
