3058 4732
705 86 748 152 17

145 301 339 402 ἀνθρώποις
358 305 456 396 ἰέναι,
481 305 541 376 καὶ
565 314 760 404 στρατηγοῦ
785 308 844 377 καί
868 303 1056 404 νομοθέτου
1082 306 1180 405 δίκην
1205 303 1306 376 αὐτόν

145 445 298 542 μέτεισιν,
319 443 425 532 οὕτως
443 441 665 544 ἀπαραιτήτῳ
682 445 759 543 περὶ
775 443 819 516 τά
830 453 893 545 τὴς
906 443 1039 543 φύσεως
1052 447 1167 518 δίκαια
1180 452 1308 544 χρῆται

145 593 193 678 τῷ
220 581 329 682 ζὴλιρ.
371 581 452 654 ἀλλ’
475 582 555 684 οὐχί
577 581 616 656 τό
641 585 703 683 έαρ
726 592 886 657 τοιοῦτον.
929 583 1046 683 ἐξάγει
1070 587 1131 683 μὲν
1153 583 1222 683 γάρ
1244 592 1307 682 τὴς

145 724 271 822 στέγης
288 720 346 794 τόν
365 721 560 822 ἄνθρωπον,
586 723 623 796 ὃν
641 721 660 795 6
677 722 807 824 χειμών
824 723 1028 824 ἐγύμνασεν,
1054 725 1091 796 όν
1109 721 1307 822 ἀνθρώπινα

7 953 8 974 γ
145 873 276 961 φρονεῖν
295 861 456 955 ἐδίδαξεν,
476 864 568 962 ὄρεσι
585 863 623 936 δέ
639 865 849 964 παραδίδωσι
866 868 926 938 καὶ
942 866 1079 956 πεδίοις,
1104 867 1164 936 καί
1182 863 1307 963 θηρσὶν
1356 877 1373 928 5

7 1071 8 1106 γ
145 1001 271 1100 ὁμιλεῖν
300 1001 401 1091 αὖθις
433 1002 571 1103 ἀφίησιν
600 1003 837 1103 ἐκλαθόμενον
861 1003 983 1078 ιόσανεῖ
1005 1014 1053 1100 τῷ
1080 1003 1134 1077 ἀεῖ
1156 1001 1240 1103 πρὸς
1263 1001 1307 1075 τά

145 1143 249 1241 χείρω
265 1141 550 1236 κατολισθαίνειν,
564 1142 661 1240 πόσῳ
679 1143 862 1244 άνθριυπος
879 1145 1029 1244 διαφέρει
1044 1143 1182 1244 θηρίου,
1200 1146 1260 1215 καῖ
1278 1145 1306 1214 εί

7 1331 8 1354 ι
80 1291 82 1297 “
149 1279 195 1379 μὴ
212 1281 341 1382 χειμών
359 1281 459 1371 αὖθις
478 1285 519 1358 ἐκ
536 1293 741 1383 περιτροπῆς
766 1282 951 1384 ἀνάμνησιν
974 1281 1167 1382 ἀνθρώποις
1192 1283 1305 1380 ἐνέβα-

7 1439 8 1466 ¹
147 1419 220 1512 λεν,
247 1420 340 1509 όπιυς
358 1419 415 1494 τόν
440 1421 509 1519 βίον
532 1420 645 1522 χρεών
669 1423 820 1516 διοικεῖν,
848 1423 920 1496 οὐδ’
944 1425 984 1496 ἀν
1009 1426 1057 1495 έτι
1081 1422 1248 1496 πολιτεῖαι
1272 1424 1307 1508 ἐς

7 1651 8 1664 γ
146 1537 244 1659 δεῦρο
277 1559 503 1646 καθίσταντο·
538 1559 673 1633 οὐδ”ἀν
700 1560 821 1661 ἀθρόοι
850 1561 1090 1662 συνηυλίζοντο
1119 1560 1306 1660 ἄνθρωποι,
1343 1578 1376 1631 10

145 1697 255 1772 πάλαι
279 1697 310 1770 δ’
334 1699 373 1772 ἀν
397 1699 527 1772 έλαθον
550 1698 783 1801 ἀποβαλόντες
805 1700 863 1774 τόν
887 1701 1069 1801 ἄνθρωπον
1093 1704 1154 1773 καί
1178 1699 1307 1800 θηριω-

145 1838 275 1928 θέντες.

250 1976 360 2066 Οότός
383 1981 471 2051 ἐστιν
489 1977 507 2050 6
525 1977 654 2079 χειμών
672 1977 690 2052 ό
709 1978 858 2080 σελήνης
883 1981 943 2052 καί
965 1977 1066 2079 ἡλίου
1091 1979 1151 2050 καὶ
1176 1977 1308 2076 ἀστρων
1339 1971 1340 1976 ’

147 2268 215 2345 τοῖς
231 2255 414 2358 όπερφυέσι
431 2257 602 2357 θεάμασιν
620 2261 794 2359 ἐντρυφᾶν.
831 2260 905 2358 ἀρτι
928 2258 997 2358 γάρ
1015 2267 1182 2358 χειμῶνος
1199 2257 1306 2355 ἐπὴλ-
1345 2277 1376 2330 15

146 2396 211 2470 θον
227 2401 360 2497 τροπαί,
379 2401 439 2470 καὶ
455 2397 554 2498 ἡμεῖς
566 2397 667 2498 ἡλίου
682 2402 742 2471 καὶ
755 2397 925 2486 ἀνατολάς
938 2401 998 2470 καὶ
1012 2396 1122 2485 δόσεις
1135 2393 1307 2496 ἐσημηνά-

147 2536 257 2634 μεθα,
283 2541 343 2610 καὶ
365 2535 530 2624 πλειάδος
554 2540 614 2609 καῖ
632 2537 779 2637 ἀρκτους
796 2541 856 2610 καί
871 2563 944 2610 τινα
958 2547 1026 2609 ’τῶν
1044 2537 1160 2608 ἄλλων
1178 2536 1308 2634 ἀστρων

148 2675 435 2774 ἐπεσκεψάμεθα,
459 2679 519 2748 καί
544 2675 703 2764 συνόδους
726 2675 914 2776 φωστὴριυν
931 2679 991 2748 καὶ
1008 2675 1068 2762 τάς
1085 2673 1176 2747 κατά
1194 2671 1307 2772 διάμε-
1364 2761 1366 2766 ¹

147 2839 224 2913 τρον
242 2813 352 2887 αὐτῶν
370 2813 558 2902 διαστάσεις
576 2815 614 2888 οό
633 2807 894 2915 παρεδράμομεν
914 2824 957 2914 τὴ
979 2817 1055 2914 περὶ
1079 2813 1188 2886 αὐτῶν
1213 2811 1307 2912 ἀκρι-

149 2955 304 3054 βολογίφ,
324 2954 369 3043 ὡς
387 2953 517 3054 ἑκάστη
536 2957 725 3055 σεληνιακὴ
743 2953 889 3055 περιόδῳ
909 2953 1047 3042 σιίνοδος
1065 2956 1125 3052 μὲν
1144 2951 1235 3042 ἅπαξ
1249 2955 1308 3024 καί
1342 2970 1376 3024 20

146 3096 358 3195 πανσέληνος
376 3093 604 3195 ἀπαρτίζεται,
624 3095 827 3194 ἀμφίκυρτοι
845 3095 959 3167 δὲκαὶ
977 3089 1151 3192 διχότομοι
1167 3094 1227 3163 καί
1244 3116 1307 3190 μη-

146 3233 282 3322 νοειδεῖς
300 3232 473 3333 ίσάριθμοι
490 3237 637 3333 γίνονται
654 3241 702 3328 τῷ
720 3231 807 3332 μετά
823 3231 886 3333 τὴν
904 3229 1035 3330 μονάδα
1052 3229 1158 3318 εάθάς
1172 3229 1308 3329 ἀριθμῷ
1415 3307 1417 3312 ,

144 3371 439 3471 προστεθεικότες.
475 3382 523 3468 τῷ
541 3371 609 3472 γάρ
627 3369 769 3472 χρὴζειν
793 3373 914 3444 εἰδέναι
936 3373 997 3444 καὶ
1019 3369 1066 3470 μὴ
1093 3369 1228 3469 ἀγνοεῖν
1252 3367 1307 3441 διά

146 3511 190 3582 τά
206 3513 283 3609 περὶ
300 3493 356 3583 τόν
373 3513 444 3610 βίον
462 3515 559 3611 ἔργα,
585 3514 716 3611 πηνίκα
733 3514 793 3610 μὲν
812 3509 830 3582 6
848 3508 917 3610 ἀὴρ
935 3509 1034 3598 ἐκτός
1051 3512 1144 3582 ἐσται
1160 3506 1307 3607 πνευμά-

147 3674 212 3722 των
230 3652 290 3722 καῖ
308 3651 458 3749 όμβριυν·
477 3653 608 3750 πηνίκα
625 3652 663 3723 δέ
681 3649 805 3738 συστάς
823 3653 869 3739 εἰς
884 3659 991 3723 ταῦτα
1007 3647 1210 3749 χεθὴσεται.
1242 3673 1308 3748 τρι·
1342 3671 1375 3724 25

148 3791 225 3862 ταία
248 3789 313 3890 ἡδε
336 3790 557 3889 ἡτεταρταία
579 3793 690 3889 φαμὲν
710 3788 733 3890 ἡ
753 3788 883 3890 σελὴνη
909 3789 1072 3889 ἀμβλείας
1094 3791 1225 3890 ἔχουσα
1248 3787 1309 3877 τάς

142 3932 286 4026 κεραίας
311 3927 435 4028 ὄμβρος
459 3927 775 4030 καταρραγὴσεται·
813 3929 927 4028 αὔριον
950 3929 1162 4027 πανσέληνος
1185 3928 1209 4027 ἡ
1234 3953 1307 4000 νου-

148 4070 251 4166 μηνία
267 4066 330 4166 τὴν
347 4064 495 4167 σελὴνην
513 4066 630 4167 ἀφανὴ
647 4065 769 4167 θὴσει;
800 4065 994 4167 μεταβολὴν
1010 4074 1070 4140 τοῦ
1089 4065 1189 4165 ἀέρος
1204 4091 1307 4166 προσ-

148 4203 247 4276 δόκα.
284 4205 377 4294 ἅλως
401 4208 477 4305 περὶ
502 4205 565 4306 τὴν
590 4204 740 4307 σελὴνην
758 4205 907 4305 ἐρράγη;
933 4206 1054 4304 ἄνεμος
1072 4203 1154 4277 ὅθεν
1171 4202 1196 4303 ἡ
1216 4205 1309 4304 ῥὴξις

147 4355 396 4443 προσπεσεῖται.
430 4345 529 4444 ἡλιον
547 4346 584 4417 δὲ
601 4347 662 4417 καὶ
678 4343 780 4418 αὐτόν
797 4344 966 4435 ἐπιδόντες
990 4343 1138 4442 καθαρῷ
1161 4353 1210 4439 τῷ
1235 4343 1308 4444 ἀέρι
1342 4353 1376 4406 30
