3040 4734
624 121 748 229 ι15

142 347 201 416 καὶ
224 341 436 443 πανηγύρεις
460 340 694 442 ἀποχωρήσας
719 339 933 442 ἠσχόληται·
969 341 1061 413 κάτα
1084 337 1252 428 λαθόντες
1276 341 1308 411 οἱ

143 485 297 582 πολέμιοι
327 485 387 554 καί
413 485 449 570 ές
474 483 576 580 μέσον
600 479 666 581 πρὸ
692 478 889 581 αἰσθησεως
915 479 1082 580 ὠσάμενοι
1104 479 1143 553 τδ
1169 476 1308 579 στρατό-

141 623 254 712 πεδον,
271 622 297 721 ἢ
314 619 449 719 σύμπαν
467 619 658 721 διήρπασαν
674 613 735 692 καὶ
753 619 959 719 διέφθειραν,
979 621 1134 720 ἤδεινώς
1147 628 1232 719 γοῦν
1244 645 1308 692 κα-

137 759 315 848 κώσαντες
332 757 568 860 ἀνεχώρησαν.
605 762 665 832 καὶ
683 761 774 832 ἔοικέ
787 785 860 848 πως
876 758 915 831 τὸ
928 763 1006 859 περὶ
1019 759 1102 832 αὐτὸ
1116 758 1309 859 σύμπτωμα

137 911 186 999 τη
205 910 265 973 τού
280 909 339 973 νοῖι
358 897 576 972 καταστάσει.
612 897 758 999 καὶγὰρ
776 898 936 986 κάκεῖνος
953 901 1032 972 είσω
1047 902 1107 999 μὲν
1121 902 1308 999 έπεστραμ-
1360 915 1376 966 5

142 1043 244 1139 μένος
259 1039 342 1140 πρὸς
361 1039 480 1113 ἑαυτὸν
505 1037 695 1139 ἀκραιφνὴς
720 1041 828 1138 μένει·
854 1041 914 1110 καὶ
938 1037 1055 1140 νήφων
1079 1041 1140 1111 καὶ
1164 1037 1309 1138 ἀπαθὴς

145 1183 204 1252 καί
225 1179 312 1279 πρὸς
335 1179 374 1252 τδ
398 1191 550 1279 κρεῖττον
577 1177 697 1252 ἑαυτὸν
724 1177 945 1253 ἀπευθύνων·
980 1178 1246 1279 σκεδαννύμενος
1269 1179 1307 1251 δὲ

144 1321 201 1390 καί
223 1321 303 1417 περὶ
324 1318 369 1391 τά
395 1318 460 1406 ἔξω
487 1317 708 1417 πλανώμενος
731 1317 850 1419 χώραν
874 1321 921 1407 εἰς
944 1317 1065 1392 ἑαυτὸν
1086 1331 1156 1407 τοῖς
1179 1317 1309 1392 πάθεσι
1415 1309 1420 1317 ’

141 1459 287 1530 δίδωσιν.
323 1457 394 1553 ὅσῳ
418 1461 527 1530 τοίνυν
549 1457 651 1557 ύγεία
676 1456 776 1531 νόσου
795 1461 931 1532 καὶτοῦ
947 1456 1047 1532 πάλιν
1064 1457 1233 1558 ἀλώναιῆ
1252 1483 1308 1531 τυ-

137 1597 355 1698 ραννηθῆναι
381 1596 421 1670 τὸ
455 1595 547 1670 κατά
576 1595 699 1696 νόμους
728 1595 973 1696 βασιλεύεσθαι
1003 1599 1135 1697 βέλτιον
1164 1601 1225 1671 καῖ
1248 1607 1308 1671 τοῖν
1344 1611 1376 1664 10

137 1736 300 1836 στρατιὰν
323 1741 366 1810 ἐκ
390 1737 562 1836 ῥᾳθυμίας
580 1736 835 1836 ἀποβάλλοντος
852 1737 1022 1838 ἡγεμόνος
1040 1737 1059 1811 6
1077 1735 1196 1828 σώζων
1214 1738 1307 1837 ἀμεί-

136 1902 206 1950 νων
230 1879 292 1948 καί
314 1874 391 1964 νοὸς
415 1875 595 1976 ἐμπαθούς
619 1875 782 1977 ἀπαθης,
817 1879 948 1974 τοσῷδε
971 1881 1033 1950 καί
1056 1887 1223 1979 χειμῶνος
1246 1881 1308 1978 ἔαρ

138 2015 293 2116 ἡττᾶται.

241 2151 337 2228 Ἀλλ’
373 2153 541 2255 ἐχώμεθα
572 2158 633 2227 καί
665 2153 765 2243 αύθις
793 2164 853 2228 τού
882 2154 991 2255 λόγου
1019 2154 1225 2250 δεικνύντος,
1263 2156 1310 2246 ώς

142 2293 257 2394 ύγείας
276 2293 471 2394 ἀνθρώποις
489 2294 508 2366 6
525 2294 655 2396 χειμών
673 2293 864 2394 μονώτατος
882 2299 995 2384 αἴτιος.
1033 2295 1196 2398 ὃχειμών
1210 2301 1245 2370 έν
1260 2299 1308 2388 οἷς
1342 2314 1374 2366 15

138 2437 198 2533 μὲν
217 2435 354 2533 μᾶλλον
372 2433 391 2506 6
408 2433 538 2533 κόσμος
554 2436 728 2527 κέκλιται,
756 2435 889 2533 μᾶλλον
906 2438 966 2508 καὶ
982 2435 1046 2536 την
1064 2439 1191 2510 οἰκείαν
1210 2437 1307 2538 ἰσχύν

137 2575 385 2646 ἐπιδείκνυται·
418 2577 453 2645 ἐν
472 2576 520 2661 οἷς
537 2573 686 2673 δ’ἧττον,
704 2574 824 2674 ῆττον·
852 2573 940 2646 ἔνθα
956 2573 1049 2648 δ’ἐπ’
1072 2575 1183 2676 ὀρθῆς
1199 2588 1308 2650 κεῖται

141 2723 201 2812 τῖγς
218 2716 378 2812 σφαίρας,
398 2713 470 2785 οὐδ’
493 2711 706 2812 ὀνομάζεται.
739 2713 839 2813 ἀθρει
857 2712 900 2814 δὴ
918 2716 983 2786 τίσι
1000 2717 1061 2814 μέν
1079 2714 1239 2814 σώμασιν,
1260 2719 1308 2804 οίς

145 2853 162 2925 6
179 2853 309 2954 χειμών
327 2851 551 2952 ἀκμαιότερος
568 2854 737 2953 ἐπιδημεῖ,
755 2855 944 2954 κέχρηνται
969 2851 1015 2942 ώς
1040 2857 1100 2952 μὲν
1124 2853 1307 2954 ύγιεινοτά-

141 3019 219 3085 τοις,
238 2993 285 3082 ώς
303 2990 509 3092 δἐύμήκεσι
525 2996 586 3066 καὶ
600 2991 848 3085 εύτονωτάτοις,
867 2991 913 3081 ώς
933 2994 971 3066 δὲ
984 2992 1202 3083 λευκοτάτας
1222 2993 1307 3093 ὁμοῦ
1339 3014 1375 3068 20

137 3136 202 3206 καὶ
223 3131 524 3232 εὐπρεπεστάτοις·
565 3136 627 3206 εἰσὶ
657 3133 787 3206 δὀύτοι
814 3132 945 3207 Γάλλοι
975 3136 1036 3206 καῖ
1058 3133 1224 3234 Γερμανοί
1248 3137 1308 3206 καί

134 3273 373 3372 Σαυροματῶν
392 3270 478 3371 ἔθνη
497 3275 557 3344 καὶ
575 3273 693 3365 ἄλλοι,
720 3273 779 3361 οὓς
803 3275 905 3372 ἔργον
922 3271 1148 3372 ἀπαριθμεῖν,
1176 3275 1224 3360 οἶς
1240 3272 1307 3345 ύπδ

133 3414 335 3513 περιουσίας
351 3411 411 3486 τοῦ
429 3411 589 3512 ύγιαίνειν
608 3411 679 3485 οὔτ’
698 3411 810 3511 ἰατρὸς
828 3415 875 3500 εἰς
887 3421 1011 3511 γνῶσιν
1024 3415 1213 3512 ἐφοίτησεν,
1233 3413 1305 3486 οὔτ’

137 3549 301 3652 ἰατρική·
319 3553 366 3639 τίς
383 3551 452 3650 γάρ
470 3554 572 3652 χρεία
588 3554 725 3652 τέχνης,
745 3550 833 3624 ἔνθα
850 3550 898 3652 μή
919 3553 1007 3624 ἔστιν
1025 3551 1113 3650 αὐτῇ
1131 3552 1306 3652 χρῆσθαι;

143 3691 278 3780 ἀντίθες
297 3689 426 3779 τούτοις
441 3690 521 3779 τούς
538 3693 771 3790 νοτιωτέρους,
808 3693 856 3780 οίς
878 3692 980 3791 ἧττον
998 3689 1016 3762 6
1034 3689 1165 3791 χειμών
1181 3694 1308 3792 ἐπιχω-
1342 3714 1376 3767 25

143 3830 259 3930 ριάζει.
294 3831 418 3903 οὔκουν
436 3829 513 3928 ὄψει
528 3829 668 3919 τούτους
680 3829 743 3930 τὴν
757 3833 817 3929 μὲν
830 3829 968 3930 ἡλικίαν
982 3829 1227 3930 βραχυτάτους,
1246 3831 1309 3932 την

144 3969 183 4040 δὲ
200 3967 295 4066 φύσιν
314 3969 611 4063 εύπαθεστάτους,
639 3971 887 4069 ἐκλελυμένους
910 3972 971 4041 καί
996 3969 1153 4068 ἀσθενεῖς
1176 3969 1215 4042 τδ
1243 3997 1308 4043 σω-

142 4107 276 4217 μάτιον,
302 4109 621 4210 κατηθαλωμένους
644 4109 707 4210 την
726 4110 802 4208 ὄψιν
818 4111 878 4180 καὶ
896 4109 1045 4207 μέλανας
1063 4112 1123 4182 καί
1140 4112 1195 4182 οία
1211 4108 1255 4182 τά
1273 4113 1308 4183 έν

137 4261 215 4338 ταῖς
230 4247 375 4348 τριόδοις
391 4248 593 4349 πλαζόμενα
616 4249 737 4338 νυκτὸς
762 4249 889 4322 εἴδωλα
906 4251 966 4320 καὶ
982 4258 1142 4321 τοσοῦτον
1160 4249 1307 4348 δυσπρα-

136 4399 290 4488 γοῦντας
302 4387 395 4460 κατά
406 4398 475 4462 πᾶν
489 4387 608 4482 ὁτιοῦν,
628 4389 707 4461 ὅσον
722 4391 889 4488 ε’ίργονται
902 4396 965 4486 τῆς
980 4396 1040 4459 τοῖ
1055 4396 1222 4487 χειμῶνος
1237 4391 1307 4462 ἐπι·
1341 4397 1377 4452 30
