3058 4732
704 69 747 138 ll

145 288 389 392 ἐπισημότερος
407 287 659 389 ἀναφανήσεται
684 286 860 388 όχειμών.
902 297 1001 387 τριῶν
1023 286 1092 386 γάρ
1117 287 1220 360 όντων
1242 296 1309 358 τῶν

144 441 266 533 γενῶν,
286 429 332 519 ώς
348 441 418 518 τοῖς
434 431 511 529 περὶ
528 427 769 528 γραμματικὴν
788 426 997 528 ἐσχολακόσι
1010 426 1308 527 τετεχνολόγηται,

146 575 206 644 καί
223 580 283 643 τοῦ
303 573 363 670 μέν
382 569 560 670 ἀρσενικοῦ
574 570 800 667 καλουμένου,
819 577 878 641 τοῦ
893 569 931 640 δέ
943 567 1117 668 θηλυκοῶ,
1132 566 1310 666 οὐδετέρου

146 713 184 784 δὲ
202 720 262 782 τοῦ
280 712 391 809 τρίτου
407 713 468 782 καί
484 711 690 800 τελευταίου,
711 709 841 807 βέλτιον
859 711 920 806 μὲν
938 710 973 780 ἐν
991 707 1096 780 ἅπασι
1112 709 1172 779 καὶ
1184 731 1310 806 προφε-

145 853 300 949 ρέστερον
318 859 378 922 τοῖ
396 849 559 949 θηλυκοῶ
573 846 612 920 τὸ
628 847 816 948 ἀρσενικόν,
834 847 976 920 κάκεῖνο
989 846 1093 920 πόλιν
1106 857 1166 920 τοῦ
1180 846 1310 920 οὐδετέ-
1362 866 1378 919 5

146 1015 224 1088 ρου’
244 991 303 1060 καί
318 988 406 1060 οὕτω
425 986 468 1087 δη
489 988 557 1087 ἄρα
573 988 695 1082 πολλῶ
713 985 883 1088 ὑπερέχον
900 996 960 1059 τοῦ
975 990 1086 1086 τρίτου
1103 985 1141 1058 τό
1159 993 1309 1085 πρῶτον·

146 1125 185 1199 τὸ
203 1125 271 1226 γάρ
289 1137 348 1199 τοῦ
369 1125 521 1224 μείζονος
540 1125 656 1224 μεῖζον
675 1135 796 1226 μακρῷ
816 1124 941 1225 μεῖζον.
977 1127 1021 1226 ἣν
1037 1125 1096 1198 οὖν
1109 1124 1237 1226 χειμών
1251 1128 1312 1223 μὲν

149 1266 332 1366 ἀρσενικῶς
345 1264 569 1366 χρηματίζειν
583 1265 680 1354 ἀξίαν
688 1269 806 1366 ἐσχεν,
823 1269 895 1366 ἐαρι
909 1264 947 1338 δέ
960 1269 1020 1338 καί
1033 1265 1130 1365 θέρει
1142 1268 1202 1338 καί
1216 1290 1311 1364 μετο-

146 1404 249 1505 πώρῳ
264 1404 344 1478 οάδέ
359 1404 528 1504 θηλυκῶς
549 1431 593 1504 γε
607 1404 779 1504 ἐξεγένετο
796 1403 1007 1504 ώνομόσθαι,
1023 1414 1096 1493 πῶς
1110 1403 1176 1478 οάκ
1191 1403 1312 1502 ἀθέμι-

145 1571 213 1636 τον,
234 1543 281 1644 μη
299 1542 381 1644 ὀὐχὶ
398 1547 587 1644 κρείττονος
604 1542 706 1617 αὐτόν
723 1546 747 1644 ἢ
767 1543 858 1616 κατά
874 1553 982 1618 ταῦτα
994 1552 1094 1644 τιμῆς
1108 1542 1310 1634 ἀπολαύειν,
1348 1561 1380 1612 10

144 1688 198 1756 ἵνα
224 1681 294 1782 γοὶρ
317 1681 364 1781 μη
389 1695 458 1771 τοῖς
483 1681 598 1784 χρόνῳ
623 1683 761 1783 ὕστερον
779 1685 959 1782 ἐσομένοις,
978 1685 1115 1782 ἐπείπερ
1133 1679 1312 1780 ἐμελλενό

146 1832 214 1896 τῶν
232 1819 424 1920 ἀνθρώπων
443 1822 512 1920 βίος
528 1822 614 1922 πρὸς
624 1822 662 1895 τό
676 1822 928 1923 τρυφερώτερον
939 1821 1143 1923 ὑποχωρεῖν,
1159 1820 1313 1921 χεῖρόντι

147 1959 243 2060 παρὰ
260 1958 323 2048 τοὶς
340 1957 464 2048 λοιπάς
482 1961 572 2060 ώρας
589 1959 784 2063 ὑποληφθῇ
802 1961 820 2035 ό
835 1961 975 2063 χειμών,
996 1961 1172 2062 ἀρσενικοῦ
1190 1959 1313 2061 κλήσει

149 2099 192 2200 δὴ
212 2108 330 2172 τοῦτον
347 2110 530 2198 προσεῖπον
548 2101 581 2172 οί
596 2099 760 2200 πρότερον
779 2104 916 2174 ἐκείνων
932 2111 981 2196 τῷ
998 2103 1089 2201 γένει
1103 2097 1314 2200 διῳκηκότες

148 2241 190 2310 ἐκ
212 2239 390 2338 διαμέτρου
419 2241 556 2312 οίονείτε
576 2238 739 2340 σόνθημα
753 2239 941 2330 δεδωκότες
954 2239 1036 2314 αὐτὸ
1049 2249 1149 2313 τοῦτο
1162 2237 1200 2312 τὸ
1215 2241 1314 2338 γένος
1349 2257 1381 2309 15

148 2381 208 2451 καί
227 2381 407 2478 μονονουχὶ
424 2377 653 2478 κεκραγότες·
675 2379 721 2469 ώς
738 2381 836 2468 οὗτος
853 2379 872 2452 ό
891 2379 1009 2479 καιρός
1025 2378 1112 2453 καθ’
1131 2379 1168 2451 δν
1186 2380 1240 2451 δεῖ
1249 2377 1313 2479 ζῆν

149 2518 272 2616 ἀνδρα·
292 2515 378 2590 καθ’
401 2518 438 2592 ὃν
457 2518 793 2619 ἀνδραγαθίζεσθαι·
814 2519 901 2594 καθ’
913 2520 951 2592 ὃν
968 2531 1121 2619 γενναῖον
1137 2521 1198 2594 καὶ
1215 2517 1313 2617 ἀρρε-

149 2655 260 2730 νωπόν
276 2655 334 2730 τόν
352 2657 534 2757 ἄνθρωπον
553 2661 645 2732 είναι.

252 2795 294 2868 Et
312 2796 427 2870 δὲκαὶ
443 2796 500 2898 τόν
517 2797 609 2871 κατὰ
625 2796 664 2870 τὸ
679 2801 800 2897 ἐτυμον
813 2799 1118 2898 πολυπραγμονοίη
1132 2822 1181 2884 τις
1193 2795 1311 2895 λόγον,

151 2934 248 3007 οὐδὲν
266 2936 368 3035 ἧττον
385 2938 445 3008 καὶ
463 2937 552 3010 οὕτω
569 2947 632 3038 τῆς
650 2941 776 3026 οἰκείας
791 2936 1009 3025 ἐλαττώσεως
1023 2940 1083 3037 ἐἀρ
1097 2935 1311 3036 αἰσθήσεται.
1347 2957 1381 3010 20

149 3075 173 3173 ἢ
194 3073 333 3162 δειξάτω
351 3100 399 3163 τις
416 3075 556 3175 παριών,
577 3077 624 3177 μη
643 3077 706 3178 την
723 3076 864 3178 γνώμην
881 3075 1178 3176 ταλαντευόμενος,
1202 3074 1312 3149 πόθεν

149 3215 210 3312 ἐαρ
229 3212 359 3313 ἐτύμως
376 3213 603 3316 λεχθήσεται,
628 3226 688 3290 τοῖ
713 3227 879 3317 χειμῶνος
904 3219 963 3288 καί
986 3214 1078 3289 κατοὶ
1101 3225 1200 3288 τοῶτο
1218 3216 1313 3288 πλεί-

150 3378 233 3452 στης
249 3352 450 3450 ἠξιουμένου
468 3355 632 3454 σπουδῆς,
650 3357 705 3428 ἵνα
722 3359 782 3428 καὶ
800 3354 900 3454 μόνον
916 3353 1114 3454 λεγόμενος,
1134 3355 1216 3453 όπερ
1231 3356 1311 3445 ἐστί,
1352 3445 1355 3452 Δ

149 3492 297 3592 παρέχοι
314 3501 410 3564 νοεῖν.
448 3493 587 3566 δοκοῖσι
604 3495 643 3566 δέ
666 3492 711 3594 δή
732 3520 788 3593 μοι
812 3497 871 3568 καὶ
884 3493 1062 3594 Ῥωμαίων
1079 3496 1111 3566 οἱ
1127 3492 1218 3566 κατὰ
1235 3491 1315 3580 τούς

151 3631 219 3703 ἀνω
238 3627 400 3730 χρόνους,
427 3633 460 3704 οἳ
475 3641 541 3704 τῶν
558 3632 647 3706 καθ’
670 3633 810 3723 ἑαυτοός
832 3659 870 3707 τε
894 3637 953 3707 καὶ
981 3637 1097 3706 ἔπειτα
1121 3631 1313 3732 ἀνθρώπων
1348 3656 1381 3710 25

151 3774 428 3870 περιφανέστατοί
443 3797 480 3845 τε
497 3772 662 3873 γεγόνασι
679 3777 738 3848 καὶ
756 3773 1027 3874 ὀνομαστότατοι,
1048 3771 1094 3872 μη
1115 3773 1194 3844 ἀνευ
1210 3797 1313 3846 σπου-

151 3909 246 3998 δαίας
263 3913 323 3983 καί
341 3919 451 4010 σοφῆς
469 3913 663 4002 ἐπιστασίας
685 3912 750 4013 τὴν
774 3911 889 4014 ἀρχὴν
912 3921 972 3985 τοιῖ
998 3914 1093 3999 ἔτους
1117 3923 1314 4010 προσνεῖμαι

150 4059 290 4150 χειμῶνι
307 4053 378 4143 καί,
396 4050 466 4150 ηγε
483 4049 625 4150 πρώτως
641 4055 783 4152 ταυτησί
800 4061 863 4152 τῆς
881 4051 972 4151 ώρας
990 4049 1237 4150 είσβαλλοόσης
1253 4076 1313 4124 πε-

151 4189 305 4288 ριέτυχον
329 4192 569 4290 νουμηνίᾳ-
593 4189 632 4262 οό
658 4189 727 4290 γάρ
753 4189 915 4278 ἐπιδέξιον
940 4188 1150 4277 ἐδόκειιπως
1173 4189 1246 4288 ἅμα
1269 4199 1313 4287 τη”

150 4337 211 4401 τοῦ
228 4338 395 4428 χειμῶνος
412 4328 531 4426 εἰσόδῳ
548 4328 705 4402 κολοόειν
722 4329 785 4429 την
809 4330 1015 4405 κατάστασιν
1037 4338 1098 4401 τοιῖ
1121 4328 1227 4427 μηνός
1250 4375 1313 4423 *ε
1348 4363 1382 4416 3ο

1164 4463 1180 4515 2
