3058 4732
651 158 852 166 ω--ᾙ

164 288 359 380 παρεστῦτε
377 275 488 382 ζωδίφ
506 275 567 366 τοίς
592 278 681 377 ὥρας
706 303 758 350 σοι
784 281 950 377 παρίστα,
975 274 1143 365 τοσαύτας
1166 277 1269 364 οῦσας
1294 277 1331 348 αἰ

164 421 221 492 τόν
248 417 412 492 ένιαιίσιον
437 416 568 491 κύκλον
592 417 628 506 έξ
651 417 796 517 ἀμοιβῆς
820 420 856 505 ἔς
880 416 918 489 τό
944 418 1097 516 διηνεκές
1121 417 1328 488 διατελοῦσιν

165 558 455 659 ἔπιτροπεόουοαι.
491 561 551 630 καὶ
575 557 643 656 γάρ
661 556 764 630 ταῦθ’
787 557 874 631 οὕτω
898 569 967 644 τοῖς
989 558 1192 655 σοφωτέροις
1216 554 1329 627 έδόκει

164 711 230 773 τιῦν
247 700 420 773 παλαιῶν·
442 697 521 772 ἀλλ’
535 701 609 770 ἐπεὶ
627 696 674 797 μη
695 700 827 796 ἔκφορα
844 696 888 769 τοὶ
904 695 1021 770 πολλοὶ
1037 706 1103 768 τῶν
1115 705 1178 796 τῆς
1192 695 1328 793 φιλοσο-

164 843 243 938 φίας
267 837 464 938 δογμάτων,
490 837 562 910 οὐδ’
585 836 672 909 αὐτοὶ
694 835 941 936 παρεδόδησαν
959 837 1100 935 βίβλοις,
1126 834 1208 908 ἀλλ’
1230 833 1276 923 ὡς
1294 838 1329 908 ἐν
1381 851 1396 903 5

166 976 345 1076 συμβόλοις
358 980 433 1069 τισί,
448 979 508 1049 καί
522 979 576 1048 οία
590 974 633 1076 δη
648 974 691 1048 τοὶ
704 985 770 1048 τιῦν
783 972 979 1075 Αἰγυπτίων
993 974 1066 1074 ἱεροὶ
1078 973 1187 1047 πάλαι
1201 973 1329 1074 δήποτε

166 1115 270 1216 λόγος
295 1119 369 1216 ἔχει
393 1114 580 1214 γράμματα
604 1117 799 1214 γεγονέναι,
826 1112 1117 1213 συγκεκρόφαται.
1154 1117 1214 1186 καί
1232 1113 1249 1184 ὃ
1269 1116 1329 1212 μὲν
1423 1119 1428 1134 “

167 1257 212 1344 ὣς
229 1259 336 1330 εἶπεν·
365 1255 466 1344 αὐτός
484 1257 522 1327 δέ
548 1281 603 1354 μοι
627 1258 697 1327 νυνὶ
721 1253 898 1353 σῦμβαλλε
921 1253 984 1354 τὴν
1011 1251 1126 1326 εἰκόνα
1147 1263 1196 1348 τῷ
1218 1251 1328 1352 λόγῳ,

166 1397 230 1468 κάν
240 1399 268 1468 εἰ
277 1396 523 1494 συμβαίνουσαν
538 1393 620 1494 ὁρᾷς
633 1393 725 1466 κατὰ
737 1403 806 1466 πᾶν
820 1391 939 1486 ὁτιοῦν,
948 1393 1084 1466 πείθου.
1104 1395 1163 1465 καί
1177 1402 1330 1493 χειμῶνα

166 1539 226 1634 μὲν
244 1533 471 1633 ὑφεστηκέναι
486 1537 562 1632 περὶ
575 1533 632 1605 τόν
646 1531 780 1632 χρόνον,
800 1536 861 1632 ἔαρ
876 1534 913 1604 δὲ
928 1533 1080 1632 εὔφημον
1095 1533 1210 1620 ἄλλως
1224 1533 1330 1630 ὄνομα
1365 1545 1397 1598 10

164 1672 423 1773 τεθρυλῆσδαι·
443 1677 503 1746 καί
521 1671 686 1778 κρατήσει
703 1673 768 1746 κάν
785 1671 893 1768 τούτῳ
917 1671 1021 1745 πάλιν
1047 1675 1089 1744 έκ
1110 1673 1244 1744 πολλοῦ
1268 1682 1328 1744 τοῦ

164 1813 336 1913 περιόντος
353 1817 452 1914 ἔαρος
470 1812 488 1886 ό
506 1811 645 1914 χειμών.

270 1951 350 2040 Τοῖς
368 1955 427 2050 μέν
445 1953 503 2025 οὖν
526 1951 633 2052 λόγον
659 1950 761 2052 μόνου
784 1961 845 2025 τοῦ
870 1953 983 2024 καλοῦ
1005 1953 1217 2050 ποιουμένοις
1242 1952 1329 2024 οὕτω

166 2089 210 2161 τοὶ
227 2100 293 2162 τῶν
311 2089 406 2190 ιόριῦν
424 2089 678 2191 μετρηθήσεται
702 2094 761 2162 καί
780 2091 867 2163 οὕτω
885 2089 1119 2190 ταχθησεται·
1154 2094 1274 2190 ἰατρῶν
1292 2093 1330 2163 δέ

167 2231 295 2323 παῖδες,
317 2234 362 2318 είς
376 2231 434 2318 οῦς
447 2230 518 2330 ἔγω
532 2230 594 2330 τὴν
606 2233 683 2330 περὶ
700 2229 760 2318 τοίς
775 2231 865 2329 ὥρας
879 2230 1036 2329 ἀναφέρω
1050 2233 1329 2329 καινοτομίαν-
1364 2249 1396 2301 15

164 2365 258 2442 ὀὗτοι
275 2369 343 2469 γάρ
362 2372 396 2457 ές
413 2367 456 2442 τοὶ
475 2368 622 2468 μάλιστα
639 2373 874 2469 νεωτεροποιοί
891 2413 941 2422 -
959 2371 1019 2442 καὶ
1036 2379 1188 2469 τετραχῆ
1203 2370 1242 2442 τὸ
1257 2373 1331 2458 ἔτος

166 2509 342 2607 διένειμαν.
378 2507 545 2608 πρόφασιν
564 2512 623 2608 μέν
642 2510 688 2598 ὥς
704 2535 735 2581 τι
754 2511 845 2608 μέγα
862 2512 922 2582 καί
944 2509 1151 2606 κοινωφελὲς
1173 2511 1250 2608 περὶ
1273 2509 1330 2600 τόν

168 2649 237 2747 βίον
256 2646 459 2746 εἰσάγοντες,
479 2647 664 2748 σοφώτεροι
678 2649 715 2720 δὲ
729 2649 841 2720 δοκεῖν
855 2647 1013 2720 ἐντεῦθεν
1028 2645 1173 2746 οἰόμενοι
1184 2657 1232 2742 τῷ
1245 2649 1330 2720 πολ-

167 2785 247 2875 λοῦς
265 2787 398 2860 ἀπατᾶν
416 2791 476 2859 καί
498 2791 552 2860 ἵνα
576 2786 666 2860 πολιί
692 2791 783 2886 σφίσι
805 2785 976 2886 πορίζοιτο
999 2785 1037 2858 τό
1062 2784 1237 2886 ἀργύριον·
1276 2787 1331 2858 διοί

165 2937 273 2998 ταῦτα
297 2926 365 3026 γάρ
392 2929 451 2998 καί
479 2929 517 3000 οῦ
542 2953 623 3026 φασι
648 2929 716 3000 δεῖν
741 2938 807 3000 τῶν
831 2927 942 2999 αὐτῶν
967 2924 1156 3025 φαρμάκων
1182 2924 1332 3026 ἑκάστης
1362 2949 1396 3002 20

168 3065 257 3163 ὥρας
274 3063 469 3164 λαμβάνειν,
488 3066 646 3166 χρῆσθαι
664 3067 701 3139 δέ
720 3067 788 3138 δεῖν
805 3075 862 3138 νῦν
879 3069 939 3164 μὲν
952 3076 1032 3157 τοῖς,
1051 3075 1108 3137 νῦν
1122 3066 1160 3138 δὲ
1172 3077 1252 3157 τοῖς,
1271 3070 1331 3138 καί

167 3204 293 3276 ἄλλοτε
311 3205 440 3296 ἄλλοις,
467 3204 512 3292 ὡς
538 3207 578 3277 άν
604 3208 744 3293 ἐκείνοις
766 3206 866 3304 δοκη.
904 3207 963 3276 καί
988 3203 1062 3276 εἰδε
1086 3207 1187 3304 μέχρι
1210 3203 1329 3277 τοῦτου

165 3341 204 3414 τό
222 3347 386 3440 προπετὲς
405 3347 562 3443 ἔστησαν.
599 3353 656 3416 νῦν
674 3346 711 3416 δέ
729 3345 879 3442 τολμῶσι
896 3346 956 3416 καὶ
973 3342 1098 3431 ταύτας
1115 3342 1328 3443 ῦποδιαιρεῖν·

166 3479 337 3580 λεγόντων
350 3493 434 3581 γοῦν
449 3482 607 3570 ἀκοῦοεις
622 3486 657 3554 ἐν
671 3482 794 3582 ἀρχαῖς
809 3491 1000 3580 μεσοῦντος,
1015 3481 1203 3580 φθίνοντος,
1219 3485 1329 3582 ἔαρος,

166 3619 292 3719 δέρους
310 3623 369 3692 καί
386 3631 452 3693 τῶν
469 3623 608 3712 λοιπῶν,
628 3619 719 3692 κατά
736 3646 808 3694 τινα
825 3630 891 3693 τιῦν
908 3619 1018 3694 πάλαι
1031 3618 1212 3718 Ῥωμαίων
1231 3647 1330 3722 στρα-
1363 3649 1396 3702 25

166 3759 290 3860 τηγόν·
318 3761 355 3832 ὃν
379 3762 518 3860 λέγεται
542 3760 772 3860 προίστασθαί
794 3787 881 3848 τινος
906 3759 1028 3847 ἔθνους
1047 3759 1219 3859 λαχόντα·
1257 3764 1330 3834 ἐπεὶ

166 3899 243 3971 κατ’
265 3903 414 3999 ἔμμηνον
446 3903 535 3998 ἔγνω
560 3900 669 3973 πολῦν
692 3900 749 3973 τόν
774 3901 902 4000 δασμόν
926 3899 1223 3998 εἰσπραττόμενος,
1252 3898 1330 3987 τοῦς
1398 3919 1403 3924 ·

165 4048 225 4110 τοῦ
240 4041 335 4126 ἔτους
349 4048 458 4138 μῆνας
472 4037 532 4110 δυό
545 4038 640 4138 παρά
652 4049 735 4112 πᾶσι
752 4037 989 4138 νομιζομένους
1002 4042 1062 4112 καί
1075 4040 1161 4110 δέκα
1173 4042 1250 4138 περί
1262 4064 1328 4111 που

165 4177 243 4265 τοῦς
259 4178 572 4276 τεσσαρεσκαίδεκα
589 4180 860 4252 πεπλεονακέναι
879 4177 1044 4277 ἐπιθυμίᾳ
1061 4188 1121 4252 τοῦ
1139 4178 1218 4249 όσον
1235 4179 1329 4250 πλεῖ-

166 4340 243 4388 στον
261 4317 554 4415 χρηματίσασθαι.
620 4399 624 4418 Ι
1362 4331 1397 4384 30
