<?xml version="1.0" encoding="UTF-8"?>
<!DOCTYPE html PUBLIC "-//W3C//DTD XHTML 1.0 Transitional//EN"
    "http://www.w3.org/TR/xhtml1/DTD/xhtml1-transitional.dtd">
<html xmlns="http://www.w3.org/1999/xhtml" xml:lang="en" lang="en">
 <head>
  <title>
</title>
<meta http-equiv="Content-Type" content="text/html;charset=utf-8" />
  <meta name='ocr-system' content='tesseract 3.04.00' />
  <meta name='ocr-capabilities' content='ocr_page ocr_carea ocr_par ocr_line ocrx_word'/>
</head>
<body>
  <div class='ocr_page' id='page_1' title='image "./comparatiohiemi00plangoog_0017.png"; bbox 0 0 3040 4734; ppageno 0'>
   <div class='ocr_carea' id='block_1_1' title="bbox 660 59 807 136">
    <p class='ocr_par' dir='ltr' id='par_1_1' title="bbox 660 59 807 136">
     <span class='ocr_line' id='line_1_1' title="bbox 660 59 807 136; baseline -0.041 0"><span class='ocrx_word' id='word_1_1' title='bbox 660 59 807 136; x_wconf 66' lang='lat'>,10</span> 
     </span>
    </p>
   </div>
   <div class='ocr_carea' id='block_1_2' title="bbox 684 163 885 170">
    <p class='ocr_par' dir='ltr' id='par_1_2' title="bbox 684 163 885 170">
     <span class='ocr_line' id='line_1_2' title="bbox 684 163 885 170; baseline 0 -2"><span class='ocrx_word' id='word_1_2' title='bbox 684 163 885 170; x_wconf 76' lang='lat'><em>.-....-..-—.—..</em></span> 
     </span>
    </p>
   </div>
   <div class='ocr_carea' id='block_1_3' title="bbox 108 276 1431 4281">
    <p class='ocr_par' dir='ltr' id='par_1_3' title="bbox 201 276 1413 804">
     <span class='ocr_line' id='line_1_3' title="bbox 303 276 1359 384; baseline 0.006 -32"><span class='ocrx_word' id='word_1_3' title='bbox 303 276 398 352; x_wconf 82' lang='grc' dir='ltr'>Ἀλλ’</span> <span class='ocrx_word' id='word_1_4' title='bbox 417 283 522 353; x_wconf 85' lang='grc' dir='ltr'>έστω·</span> <span class='ocrx_word' id='word_1_5' title='bbox 543 280 699 354; x_wconf 87' lang='grc' dir='ltr'>δεδόσθω</span> <span class='ocrx_word' id='word_1_6' title='bbox 712 285 772 354; x_wconf 81' lang='grc' dir='ltr'>καὶ</span> <span class='ocrx_word' id='word_1_7' title='bbox 786 286 846 382; x_wconf 92' lang='grc' dir='ltr'>έαρ</span> <span class='ocrx_word' id='word_1_8' title='bbox 861 283 980 372; x_wconf 82' lang='grc' dir='ltr'>εἰςτὰς</span> <span class='ocrx_word' id='word_1_9' title='bbox 994 284 1083 383; x_wconf 82' lang='grc' dir='ltr'>ὥρας</span> <span class='ocrx_word' id='word_1_10' title='bbox 1097 283 1359 384; x_wconf 86' lang='grc' dir='ltr'>είσγροίφεσθαι·</span> 
     </span>
     <span class='ocr_line' id='line_1_4' title="bbox 204 419 1360 525; baseline 0.007 -35"><span class='ocrx_word' id='word_1_11' title='bbox 204 419 297 491; x_wconf 82' lang='grc' dir='ltr'>ἀλλά</span> <span class='ocrx_word' id='word_1_12' title='bbox 314 422 373 491; x_wconf 82' lang='grc' dir='ltr'>καὶ</span> <span class='ocrx_word' id='word_1_13' title='bbox 391 423 421 492; x_wconf 81' lang='grc' dir='ltr'>εί</span> <span class='ocrx_word' id='word_1_14' title='bbox 433 445 463 492; x_wconf 92' lang='grc' dir='ltr'>τι</span> <span class='ocrx_word' id='word_1_15' title='bbox 480 419 598 521; x_wconf 81' lang='grc' dir='ltr'>χάριεν</span> <span class='ocrx_word' id='word_1_16' title='bbox 615 419 681 494; x_wconf 85' lang='grc' dir='ltr'>ύπό</span> <span class='ocrx_word' id='word_1_17' title='bbox 699 431 765 494; x_wconf 82' lang='grc' dir='ltr'>τῶν</span> <span class='ocrx_word' id='word_1_18' title='bbox 781 424 921 496; x_wconf 82' lang='grc' dir='ltr'>πολλῶν</span> <span class='ocrx_word' id='word_1_19' title='bbox 938 423 1194 524; x_wconf 89' lang='grc' dir='ltr'>ἀποκληρούται</span> <span class='ocrx_word' id='word_1_20' title='bbox 1210 436 1258 521; x_wconf 78' lang='grc' dir='ltr'>τῷ</span> <span class='ocrx_word' id='word_1_21' title='bbox 1276 429 1360 525; x_wconf 88' lang='grc' dir='ltr'>έαρι,</span> 
     </span>
     <span class='ocr_line' id='line_1_5' title="bbox 201 561 1361 664; baseline 0.006 -33"><span class='ocrx_word' id='word_1_22' title='bbox 201 569 250 655; x_wconf 81' lang='grc' dir='ltr'>τῷ</span> <span class='ocrx_word' id='word_1_23' title='bbox 274 569 416 659; x_wconf 85' lang='grc' dir='ltr'>χειμῶνι</span> <span class='ocrx_word' id='word_1_24' title='bbox 441 563 622 633; x_wconf 76' lang='grc' dir='ltr'>καὶτοῦτο</span> <span class='ocrx_word' id='word_1_25' title='bbox 645 561 940 661; x_wconf 72' lang='grc' dir='ltr'>προσλογίζεσθαι</span> <span class='ocrx_word' id='word_1_26' title='bbox 970 563 1060 664; x_wconf 91' lang='grc' dir='ltr'>χρή,</span> <span class='ocrx_word' id='word_1_27' title='bbox 1090 567 1145 636; x_wconf 91' lang='grc' dir='ltr'>οία</span> <span class='ocrx_word' id='word_1_28' title='bbox 1168 564 1210 664; x_wconf 86' lang='grc' dir='ltr'>δή</span> <span class='ocrx_word' id='word_1_29' title='bbox 1236 564 1279 638; x_wconf 86' lang='grc' dir='ltr'>τοὶ</span> <span class='ocrx_word' id='word_1_30' title='bbox 1301 577 1361 638; x_wconf 84' lang='grc' dir='ltr'>τού</span> 
     </span>
     <span class='ocr_line' id='line_1_6' title="bbox 204 701 1413 804; baseline 0.005 -33"><span class='ocrx_word' id='word_1_31' title='bbox 204 702 325 799; x_wconf 96' lang='grc' dir='ltr'>μέρους</span> <span class='ocrx_word' id='word_1_32' title='bbox 342 709 390 796; x_wconf 79' lang='grc' dir='ltr'>τῷ</span> <span class='ocrx_word' id='word_1_33' title='bbox 409 701 497 798; x_wconf 87' lang='grc' dir='ltr'>όλιμ·</span> <span class='ocrx_word' id='word_1_34' title='bbox 525 701 574 773; x_wconf 88' lang='grc' dir='ltr'>ότι</span> <span class='ocrx_word' id='word_1_35' title='bbox 592 705 651 774; x_wconf 80' lang='grc' dir='ltr'>καί</span> <span class='ocrx_word' id='word_1_36' title='bbox 670 705 769 801; x_wconf 86' lang='grc' dir='ltr'>μέρος</span> <span class='ocrx_word' id='word_1_37' title='bbox 786 713 952 802; x_wconf 83' lang='grc' dir='ltr'>χειμῶνος</span> <span class='ocrx_word' id='word_1_38' title='bbox 969 703 1007 775; x_wconf 88' lang='grc' dir='ltr'>τό</span> <span class='ocrx_word' id='word_1_39' title='bbox 1026 707 1104 804; x_wconf 88' lang='grc' dir='ltr'>έαρ,</span> <span class='ocrx_word' id='word_1_40' title='bbox 1130 703 1221 776; x_wconf 86' lang='grc' dir='ltr'>κατοὶ</span> <span class='ocrx_word' id='word_1_41' title='bbox 1246 704 1362 803; x_wconf 87' lang='grc' dir='ltr'>μικρόν</span> <span class='ocrx_word' id='word_1_42' title='bbox 1412 707 1413 711; x_wconf 68' lang='grc'>’</span> 
     </span>
    </p>

    <p class='ocr_par' dir='ltr' id='par_1_4' title="bbox 151 839 1362 1083">
     <span class='ocr_line' id='line_1_7' title="bbox 151 839 1362 943; baseline 0.008 -37"><span class='ocrx_word' id='word_1_43' title='bbox 151 853 167 906; x_wconf 87' lang='grc'>5</span> <span class='ocrx_word' id='word_1_44' title='bbox 204 839 384 928; x_wconf 91' lang='grc' dir='ltr'>ἀνεθέντος</span> <span class='ocrx_word' id='word_1_45' title='bbox 401 843 460 912; x_wconf 82' lang='grc' dir='ltr'>καί</span> <span class='ocrx_word' id='word_1_46' title='bbox 477 839 700 940; x_wconf 77' lang='grc' dir='ltr'>λωφήσαντος</span> <span class='ocrx_word' id='word_1_47' title='bbox 717 841 873 940; x_wconf 89' lang='grc' dir='ltr'>ύστερον·</span> <span class='ocrx_word' id='word_1_48' title='bbox 896 845 969 915; x_wconf 77' lang='grc' dir='ltr'>ἐπεὶ</span> <span class='ocrx_word' id='word_1_49' title='bbox 986 842 1054 941; x_wconf 88' lang='grc' dir='ltr'>γοὶρ</span> <span class='ocrx_word' id='word_1_50' title='bbox 1073 841 1091 914; x_wconf 85' lang='grc' dir='ltr'><em>ὁ</em></span> <span class='ocrx_word' id='word_1_51' title='bbox 1110 847 1170 941; x_wconf 82' lang='grc' dir='ltr'>μὲν</span> <span class='ocrx_word' id='word_1_52' title='bbox 1187 842 1310 943; x_wconf 83' lang='grc' dir='ltr'>χρόνος</span> <span class='ocrx_word' id='word_1_53' title='bbox 1327 846 1362 916; x_wconf 80' lang='grc' dir='ltr'>έν</span> 
     </span>
     <span class='ocr_line' id='line_1_8' title="bbox 203 977 1362 1083; baseline 0.003 -33"><span class='ocrx_word' id='word_1_54' title='bbox 203 977 298 1074; x_wconf 89' lang='grc' dir='ltr'>ἀιδίῳ</span> <span class='ocrx_word' id='word_1_55' title='bbox 318 987 423 1078; x_wconf 84' lang='grc' dir='ltr'>φορᾷ,</span> <span class='ocrx_word' id='word_1_56' title='bbox 450 977 510 1066; x_wconf 83' lang='grc' dir='ltr'>τὰς</span> <span class='ocrx_word' id='word_1_57' title='bbox 529 978 559 1050; x_wconf 77' lang='grc' dir='ltr'>δ’</span> <span class='ocrx_word' id='word_1_58' title='bbox 577 979 677 1078; x_wconf 83' lang='grc' dir='ltr'>ὥρας,</span> <span class='ocrx_word' id='word_1_59' title='bbox 697 989 796 1078; x_wconf 86' lang='grc' dir='ltr'>κοινή</span> <span class='ocrx_word' id='word_1_60' title='bbox 815 983 874 1078; x_wconf 86' lang='grc' dir='ltr'>μὲν</span> <span class='ocrx_word' id='word_1_61' title='bbox 892 979 1005 1069; x_wconf 86' lang='grc' dir='ltr'>πόσας</span> <span class='ocrx_word' id='word_1_62' title='bbox 1024 984 1084 1053; x_wconf 77' lang='grc' dir='ltr'>καὶ</span> <span class='ocrx_word' id='word_1_63' title='bbox 1101 981 1266 1081; x_wconf 90' lang='grc' dir='ltr'>ἀλλήλων</span> <span class='ocrx_word' id='word_1_64' title='bbox 1284 985 1362 1083; x_wconf 90' lang='grc' dir='ltr'>έχο-</span> 
     </span>
    </p>

    <p class='ocr_par' dir='ltr' id='par_1_5' title="bbox 108 1115 1364 1499">
     <span class='ocr_line' id='line_1_9' title="bbox 108 1115 1364 1218; baseline 0.003 -30"><span class='ocrx_word' id='word_1_65' title='bbox 108 1123 110 1132; x_wconf 83' lang='grc'>’</span> <span class='ocrx_word' id='word_1_66' title='bbox 204 1119 316 1216; x_wconf 88' lang='grc' dir='ltr'>μένας,</span> <span class='ocrx_word' id='word_1_67' title='bbox 336 1117 449 1204; x_wconf 80' lang='grc' dir='ltr'>ἀιδίως</span> <span class='ocrx_word' id='word_1_68' title='bbox 466 1119 526 1188; x_wconf 77' lang='grc' dir='ltr'>καί</span> <span class='ocrx_word' id='word_1_69' title='bbox 543 1115 647 1206; x_wconf 86' lang='grc' dir='ltr'>αύτάς</span> <span class='ocrx_word' id='word_1_70' title='bbox 665 1117 833 1190; x_wconf 87' lang='grc' dir='ltr'>κινεῖσθαι</span> <span class='ocrx_word' id='word_1_71' title='bbox 850 1119 1057 1217; x_wconf 86' lang='grc' dir='ltr'>συμβέβηκε.</span> <span class='ocrx_word' id='word_1_72' title='bbox 1093 1129 1192 1191; x_wconf 86' lang='grc' dir='ltr'>τούτο</span> <span class='ocrx_word' id='word_1_73' title='bbox 1212 1119 1281 1218; x_wconf 84' lang='grc' dir='ltr'>γοὶρ</span> <span class='ocrx_word' id='word_1_74' title='bbox 1298 1119 1364 1192; x_wconf 86' lang='grc' dir='ltr'>ποί-</span> 
     </span>
     <span class='ocr_line' id='line_1_10' title="bbox 204 1254 1363 1358; baseline 0.002 -29"><span class='ocrx_word' id='word_1_75' title='bbox 204 1258 255 1330; x_wconf 87' lang='grc' dir='ltr'>λιν</span> <span class='ocrx_word' id='word_1_76' title='bbox 274 1255 292 1328; x_wconf 89' lang='grc' dir='ltr'>ό</span> <span class='ocrx_word' id='word_1_77' title='bbox 310 1254 445 1357; x_wconf 84' lang='grc' dir='ltr'>χρόνος,</span> <span class='ocrx_word' id='word_1_78' title='bbox 464 1266 512 1352; x_wconf 84' lang='grc' dir='ltr'>τῷ</span> <span class='ocrx_word' id='word_1_79' title='bbox 532 1257 570 1328; x_wconf 76' lang='grc' dir='ltr'>δὲ</span> <span class='ocrx_word' id='word_1_80' title='bbox 594 1257 775 1330; x_wconf 79' lang='grc' dir='ltr'>διαλείπειν</span> <span class='ocrx_word' id='word_1_81' title='bbox 800 1260 860 1329; x_wconf 76' lang='grc' dir='ltr'>καί</span> <span class='ocrx_word' id='word_1_82' title='bbox 882 1269 1103 1358; x_wconf 80' lang='grc' dir='ltr'>παραχωρεῖν</span> <span class='ocrx_word' id='word_1_83' title='bbox 1126 1261 1242 1358; x_wconf 80' lang='grc' dir='ltr'>ἑτέραν</span> <span class='ocrx_word' id='word_1_84' title='bbox 1264 1261 1363 1358; x_wconf 83' lang='grc' dir='ltr'>ἑτέρᾳ</span> 
     </span>
     <span class='ocr_line' id='line_1_11' title="bbox 202 1393 1364 1499; baseline 0.002 -30"><span class='ocrx_word' id='word_1_85' title='bbox 202 1405 263 1469; x_wconf 85' lang='grc' dir='ltr'>τού</span> <span class='ocrx_word' id='word_1_86' title='bbox 280 1398 356 1494; x_wconf 80' lang='grc' dir='ltr'>περὶ</span> <span class='ocrx_word' id='word_1_87' title='bbox 372 1393 429 1467; x_wconf 87' lang='grc' dir='ltr'>τόν</span> <span class='ocrx_word' id='word_1_88' title='bbox 447 1393 575 1494; x_wconf 85' lang='grc' dir='ltr'>κόσμον</span> <span class='ocrx_word' id='word_1_89' title='bbox 603 1399 694 1495; x_wconf 80' lang='grc' dir='ltr'>ἔχειν</span> <span class='ocrx_word' id='word_1_90' title='bbox 721 1395 825 1484; x_wconf 88' lang='grc' dir='ltr'>αύτάς</span> <span class='ocrx_word' id='word_1_91' title='bbox 850 1395 936 1468; x_wconf 82' lang='grc' dir='ltr'>καθ’</span> <span class='ocrx_word' id='word_1_92' title='bbox 959 1395 1063 1485; x_wconf 87' lang='grc' dir='ltr'>αύτόις</span> <span class='ocrx_word' id='word_1_93' title='bbox 1083 1401 1278 1498; x_wconf 88' lang='grc' dir='ltr'>παυομένην</span> <span class='ocrx_word' id='word_1_94' title='bbox 1301 1399 1364 1499; x_wconf 86' lang='grc' dir='ltr'>τήν</span> 
     </span>
    </p>

    <p class='ocr_par' dir='ltr' id='par_1_6' title="bbox 136 1534 1364 2191">
     <span class='ocr_line' id='line_1_12' title="bbox 136 1534 1363 1636; baseline 0.005 -32"><span class='ocrx_word' id='word_1_95' title='bbox 136 1551 169 1604; x_wconf 92' lang='lat'>10</span> <span class='ocrx_word' id='word_1_96' title='bbox 203 1538 333 1634; x_wconf 87' lang='grc' dir='ltr'>κίνησιν</span> <span class='ocrx_word' id='word_1_97' title='bbox 351 1537 458 1634; x_wconf 82' lang='grc' dir='ltr'>ἔχειν·</span> <span class='ocrx_word' id='word_1_98' title='bbox 485 1545 598 1607; x_wconf 80' lang='grc' dir='ltr'>πᾶσαν</span> <span class='ocrx_word' id='word_1_99' title='bbox 616 1535 654 1606; x_wconf 80' lang='grc' dir='ltr'>δὲ</span> <span class='ocrx_word' id='word_1_100' title='bbox 675 1534 818 1633; x_wconf 83' lang='grc' dir='ltr'>ἠρεμίαν</span> <span class='ocrx_word' id='word_1_101' title='bbox 845 1536 1015 1635; x_wconf 78' lang='grc' dir='ltr'>δεχομένη</span> <span class='ocrx_word' id='word_1_102' title='bbox 1042 1540 1172 1636; x_wconf 86' lang='grc' dir='ltr'>κίνησις</span> <span class='ocrx_word' id='word_1_103' title='bbox 1196 1537 1260 1609; x_wconf 81' lang='grc' dir='ltr'>οὐκ</span> <span class='ocrx_word' id='word_1_104' title='bbox 1284 1538 1363 1610; x_wconf 89' lang='grc' dir='ltr'>ἀνευ</span> 
     </span>
     <span class='ocr_line' id='line_1_13' title="bbox 202 1671 1363 1772; baseline 0.003 -25"><span class='ocrx_word' id='word_1_105' title='bbox 202 1684 263 1747; x_wconf 82' lang='grc' dir='ltr'>τοιῖ</span> <span class='ocrx_word' id='word_1_106' title='bbox 280 1673 467 1772; x_wconf 91' lang='grc' dir='ltr'>κατολίγου</span> <span class='ocrx_word' id='word_1_107' title='bbox 487 1671 675 1772; x_wconf 91' lang='grc' dir='ltr'>ἀπολήγειν</span> <span class='ocrx_word' id='word_1_108' title='bbox 689 1671 845 1772; x_wconf 88' lang='grc' dir='ltr'>γίνεσθαι</span> <span class='ocrx_word' id='word_1_109' title='bbox 861 1675 1007 1772; x_wconf 86' lang='grc' dir='ltr'>πέφυκε.</span> <span class='ocrx_word' id='word_1_110' title='bbox 1040 1679 1099 1746; x_wconf 79' lang='grc' dir='ltr'>καὶ</span> <span class='ocrx_word' id='word_1_111' title='bbox 1117 1676 1208 1748; x_wconf 76' lang='grc' dir='ltr'>τοῦτ’</span> <span class='ocrx_word' id='word_1_112' title='bbox 1225 1680 1266 1748; x_wconf 80' lang='grc' dir='ltr'>ἐκ</span> <span class='ocrx_word' id='word_1_113' title='bbox 1280 1679 1363 1750; x_wconf 91' lang='grc' dir='ltr'>πολ-</span> 
     </span>
     <span class='ocr_line' id='line_1_14' title="bbox 204 1811 1362 1916; baseline 0.002 -30"><span class='ocrx_word' id='word_1_114' title='bbox 204 1816 273 1887; x_wconf 80' lang='grc' dir='ltr'>λῶν</span> <span class='ocrx_word' id='word_1_115' title='bbox 292 1815 408 1913; x_wconf 77' lang='grc' dir='ltr'>δῆλον.</span> <span class='ocrx_word' id='word_1_116' title='bbox 445 1811 694 1912; x_wconf 83' lang='grc' dir='ltr'>καθαρώτατον</span> <span class='ocrx_word' id='word_1_117' title='bbox 713 1813 755 1913; x_wconf 88' lang='grc' dir='ltr'>δή</span> <span class='ocrx_word' id='word_1_118' title='bbox 777 1813 822 1902; x_wconf 81' lang='grc' dir='ltr'>ιύς</span> <span class='ocrx_word' id='word_1_119' title='bbox 839 1817 899 1886; x_wconf 82' lang='grc' dir='ltr'>καί</span> <span class='ocrx_word' id='word_1_120' title='bbox 916 1813 1056 1915; x_wconf 81' lang='grc' dir='ltr'>χειμών,</span> <span class='ocrx_word' id='word_1_121' title='bbox 1082 1815 1149 1916; x_wconf 89' lang='grc' dir='ltr'>ούχ</span> <span class='ocrx_word' id='word_1_122' title='bbox 1167 1813 1212 1903; x_wconf 79' lang='grc' dir='ltr'>ὡς</span> <span class='ocrx_word' id='word_1_123' title='bbox 1230 1817 1362 1916; x_wconf 80' lang='grc' dir='ltr'>ἑτέρως,</span> 
     </span>
     <span class='ocr_line' id='line_1_15' title="bbox 205 1927 1364 2055; baseline 0.001 -30"><span class='ocrx_word' id='word_1_124' title='bbox 205 1952 284 2026; x_wconf 82' lang='grc' dir='ltr'>ἀλλ’</span> <span class='ocrx_word' id='word_1_125' title='bbox 291 1951 336 2041; x_wconf 74' lang='grc' dir='ltr'>ὡς</span> <span class='ocrx_word' id='word_1_126' title='bbox 355 1952 426 2050; x_wconf 85' lang='grc' dir='ltr'>ὥρα</span> <span class='ocrx_word' id='word_1_127' title='bbox 439 1961 501 2051; x_wconf 85' lang='grc' dir='ltr'>τής</span> <span class='ocrx_word' id='word_1_128' title='bbox 515 1949 681 2050; x_wconf 82' lang='grc' dir='ltr'>κινήσεως</span> <span class='ocrx_word' id='word_1_129' title='bbox 695 1951 864 2052; x_wconf 88' lang='grc' dir='ltr'>στήσεται.</span> <span class='ocrx_word' id='word_1_130' title='bbox 897 1927 960 2026; x_wconf 78' lang='grc' dir='ltr'>καὶΙ</span> <span class='ocrx_word' id='word_1_131' title='bbox 970 1955 1069 2042; x_wconf 90' lang='grc' dir='ltr'>τέλος</span> <span class='ocrx_word' id='word_1_132' title='bbox 1082 1958 1174 2027; x_wconf 88' lang='grc' dir='ltr'>έσται</span> <span class='ocrx_word' id='word_1_133' title='bbox 1189 1955 1245 2028; x_wconf 87' lang='grc' dir='ltr'>τόν</span> <span class='ocrx_word' id='word_1_134' title='bbox 1255 1935 1364 2055; x_wconf 94' lang='grc' dir='ltr'>λόγον</span> 
     </span>
     <span class='ocr_line' id='line_1_16' title="bbox 203 2089 651 2191; baseline -0.009 -26"><span class='ocrx_word' id='word_1_135' title='bbox 203 2102 321 2165; x_wconf 80' lang='grc' dir='ltr'>τοῦτον</span> <span class='ocrx_word' id='word_1_136' title='bbox 338 2100 504 2191; x_wconf 83' lang='grc' dir='ltr'>χειμῶνος</span> <span class='ocrx_word' id='word_1_137' title='bbox 521 2089 560 2162; x_wconf 87' lang='grc' dir='ltr'>τό</span> <span class='ocrx_word' id='word_1_138' title='bbox 579 2093 651 2190; x_wconf 87' lang='grc' dir='ltr'>έαρ.</span> 
     </span>
    </p>

    <p class='ocr_par' dir='ltr' id='par_1_7' title="bbox 139 2227 1431 2887">
     <span class='ocr_line' id='line_1_17' title="bbox 139 2227 1365 2330; baseline 0 -27"><span class='ocrx_word' id='word_1_139' title='bbox 139 2251 171 2303; x_wconf 88' lang='lat'>15</span> <span class='ocrx_word' id='word_1_140' title='bbox 308 2229 380 2302; x_wconf 78' lang='grc' dir='ltr'>Καὶ</span> <span class='ocrx_word' id='word_1_141' title='bbox 396 2227 525 2329; x_wconf 81' lang='grc' dir='ltr'>χειμών</span> <span class='ocrx_word' id='word_1_142' title='bbox 544 2229 821 2327; x_wconf 84' lang='grc' dir='ltr'>ἐπικρατέστερος</span> <span class='ocrx_word' id='word_1_143' title='bbox 839 2230 948 2327; x_wconf 85' lang='grc' dir='ltr'>έαρος.</span> <span class='ocrx_word' id='word_1_144' title='bbox 984 2229 1090 2330; x_wconf 82' lang='grc' dir='ltr'>ήούχ</span> <span class='ocrx_word' id='word_1_145' title='bbox 1115 2229 1214 2330; x_wconf 82' lang='grc' dir='ltr'>ὁρᾷς,</span> <span class='ocrx_word' id='word_1_146' title='bbox 1242 2229 1288 2317; x_wconf 79' lang='grc' dir='ltr'>ὥς</span> <span class='ocrx_word' id='word_1_147' title='bbox 1305 2235 1365 2304; x_wconf 77' lang='grc' dir='ltr'>καὶ</span> 
     </span>
     <span class='ocr_line' id='line_1_18' title="bbox 204 2367 1365 2470; baseline -0.003 -26"><span class='ocrx_word' id='word_1_148' title='bbox 204 2369 289 2470; x_wconf 85' lang='grc' dir='ltr'>πρὸς</span> <span class='ocrx_word' id='word_1_149' title='bbox 305 2379 372 2441; x_wconf 84' lang='grc' dir='ltr'>τῶν</span> <span class='ocrx_word' id='word_1_150' title='bbox 387 2367 752 2468; x_wconf 84' lang='grc' dir='ltr'>όνοματοθετησοίντων</span> <span class='ocrx_word' id='word_1_151' title='bbox 766 2367 885 2466; x_wconf 88' lang='grc' dir='ltr'>όλίγου</span> <span class='ocrx_word' id='word_1_152' title='bbox 900 2369 967 2440; x_wconf 89' lang='grc' dir='ltr'>δεῖν</span> <span class='ocrx_word' id='word_1_153' title='bbox 982 2368 1054 2441; x_wconf 81' lang='grc' dir='ltr'>οὐδ’</span> <span class='ocrx_word' id='word_1_154' title='bbox 1072 2368 1235 2468; x_wconf 85' lang='grc' dir='ltr'>ὀνόματος</span> <span class='ocrx_word' id='word_1_155' title='bbox 1248 2381 1365 2468; x_wconf 84' lang='grc' dir='ltr'>τυχεῖν</span> 
     </span>
     <span class='ocr_line' id='line_1_19' title="bbox 204 2505 1362 2608; baseline -0.004 -25"><span class='ocrx_word' id='word_1_156' title='bbox 204 2509 243 2583; x_wconf 85' lang='grc' dir='ltr'>τό</span> <span class='ocrx_word' id='word_1_157' title='bbox 259 2513 319 2608; x_wconf 77' lang='grc' dir='ltr'>ἔαρ</span> <span class='ocrx_word' id='word_1_158' title='bbox 334 2509 522 2608; x_wconf 86' lang='grc' dir='ltr'>έμέλλησε;</span> <span class='ocrx_word' id='word_1_159' title='bbox 538 2518 611 2596; x_wconf 83' lang='grc' dir='ltr'>πῶς</span> <span class='ocrx_word' id='word_1_160' title='bbox 623 2507 691 2607; x_wconf 86' lang='grc' dir='ltr'>γάρ</span> <span class='ocrx_word' id='word_1_161' title='bbox 705 2517 856 2608; x_wconf 84' lang='grc' dir='ltr'>χειμῶνι,</span> <span class='ocrx_word' id='word_1_162' title='bbox 865 2518 938 2596; x_wconf 81' lang='grc' dir='ltr'>πῶς</span> <span class='ocrx_word' id='word_1_163' title='bbox 945 2507 1051 2607; x_wconf 87' lang='grc' dir='ltr'>θέρει,</span> <span class='ocrx_word' id='word_1_164' title='bbox 1060 2519 1133 2596; x_wconf 80' lang='grc' dir='ltr'>πῶς</span> <span class='ocrx_word' id='word_1_165' title='bbox 1142 2505 1362 2606; x_wconf 80' lang='grc' dir='ltr'>φθινοπώρῳ;</span> 
     </span>
     <span class='ocr_line' id='line_1_20' title="bbox 207 2644 1365 2747; baseline -0.003 -26"><span class='ocrx_word' id='word_1_166' title='bbox 207 2647 341 2744; x_wconf 83' lang='grc' dir='ltr'>έκοίστῳ</span> <span class='ocrx_word' id='word_1_167' title='bbox 359 2646 486 2720; x_wconf 93' lang='grc' dir='ltr'>τούτων</span> <span class='ocrx_word' id='word_1_168' title='bbox 502 2649 526 2747; x_wconf 83' lang='grc' dir='ltr'>ή</span> <span class='ocrx_word' id='word_1_169' title='bbox 544 2646 684 2746; x_wconf 76' lang='grc' dir='ltr'>πλῆθος</span> <span class='ocrx_word' id='word_1_170' title='bbox 707 2648 731 2746; x_wconf 86' lang='grc' dir='ltr'>ή</span> <span class='ocrx_word' id='word_1_171' title='bbox 758 2649 892 2733; x_wconf 77' lang='grc' dir='ltr'>ἔντασις</span> <span class='ocrx_word' id='word_1_172' title='bbox 915 2647 1105 2744; x_wconf 79' lang='grc' dir='ltr'>συλλαβῶν,</span> <span class='ocrx_word' id='word_1_173' title='bbox 1130 2648 1154 2745; x_wconf 84' lang='grc' dir='ltr'>ή</span> <span class='ocrx_word' id='word_1_174' title='bbox 1179 2644 1365 2744; x_wconf 87' lang='grc' dir='ltr'>συμφώνων</span> 
     </span>
     <span class='ocr_line' id='line_1_21' title="bbox 207 2783 1431 2887; baseline -0.001 -28"><span class='ocrx_word' id='word_1_175' title='bbox 207 2797 291 2887; x_wconf 75' lang='grc' dir='ltr'>γοῦν</span> <span class='ocrx_word' id='word_1_176' title='bbox 308 2784 499 2886; x_wconf 86' lang='grc' dir='ltr'>ηότυχήθη</span> <span class='ocrx_word' id='word_1_177' title='bbox 517 2788 709 2884; x_wconf 82' lang='grc' dir='ltr'>περιουσία·</span> <span class='ocrx_word' id='word_1_178' title='bbox 731 2789 791 2884; x_wconf 87' lang='grc' dir='ltr'>έαρ</span> <span class='ocrx_word' id='word_1_179' title='bbox 810 2786 847 2856; x_wconf 81' lang='grc' dir='ltr'>δὲ</span> <span class='ocrx_word' id='word_1_180' title='bbox 863 2783 998 2857; x_wconf 85' lang='grc' dir='ltr'>πόντων</span> <span class='ocrx_word' id='word_1_181' title='bbox 1012 2785 1133 2877; x_wconf 78' lang='grc' dir='ltr'>ἐνδεές,</span> <span class='ocrx_word' id='word_1_182' title='bbox 1149 2784 1258 2883; x_wconf 83' lang='grc' dir='ltr'>ψιλόν,</span> <span class='ocrx_word' id='word_1_183' title='bbox 1273 2811 1366 2858; x_wconf 87' lang='grc' dir='ltr'>συνε-</span> <span class='ocrx_word' id='word_1_184' title='bbox 1429 2825 1431 2830; x_wconf 93' lang='grc'>·</span> 
     </span>
    </p>

    <p class='ocr_par' dir='ltr' id='par_1_8' title="bbox 137 2922 1369 3587">
     <span class='ocr_line' id='line_1_22' title="bbox 137 2922 1368 3027; baseline -0.006 -24"><span class='ocrx_word' id='word_1_185' title='bbox 137 2950 173 3004; x_wconf 77' lang='grc' dir='ltr'>υο</span> <span class='ocrx_word' id='word_1_186' title='bbox 207 2928 402 3027; x_wconf 87' lang='grc' dir='ltr'>ληλαμένον</span> <span class='ocrx_word' id='word_1_187' title='bbox 420 2928 455 3013; x_wconf 82' lang='grc' dir='ltr'>ἐς</span> <span class='ocrx_word' id='word_1_188' title='bbox 472 2924 510 2997; x_wconf 86' lang='grc' dir='ltr'>τό</span> <span class='ocrx_word' id='word_1_189' title='bbox 529 2923 759 3025; x_wconf 86' lang='grc' dir='ltr'>βραχύτατον·</span> <span class='ocrx_word' id='word_1_190' title='bbox 787 2927 878 2996; x_wconf 81' lang='grc' dir='ltr'>ἔοικε</span> <span class='ocrx_word' id='word_1_191' title='bbox 895 2922 963 3023; x_wconf 89' lang='grc' dir='ltr'>γοίρ</span> <span class='ocrx_word' id='word_1_192' title='bbox 981 2949 1054 3012; x_wconf 91' lang='grc' dir='ltr'>πως</span> <span class='ocrx_word' id='word_1_193' title='bbox 1068 2927 1127 2997; x_wconf 78' lang='grc' dir='ltr'>καί</span> <span class='ocrx_word' id='word_1_194' title='bbox 1145 2924 1368 3024; x_wconf 80' lang='grc' dir='ltr'>ἀπειρημένον</span> 
     </span>
     <span class='ocr_line' id='line_1_23' title="bbox 208 3061 1368 3164; baseline -0.003 -25"><span class='ocrx_word' id='word_1_195' title='bbox 208 3070 290 3140; x_wconf 79' lang='grc' dir='ltr'>εἶναι</span> <span class='ocrx_word' id='word_1_196' title='bbox 307 3063 402 3164; x_wconf 85' lang='grc' dir='ltr'>παρά</span> <span class='ocrx_word' id='word_1_197' title='bbox 418 3076 487 3152; x_wconf 87' lang='grc' dir='ltr'>τοῖς</span> <span class='ocrx_word' id='word_1_198' title='bbox 510 3063 665 3164; x_wconf 89' lang='grc' dir='ltr'>ἀρχαίοις</span> <span class='ocrx_word' id='word_1_199' title='bbox 690 3065 751 3163; x_wconf 85' lang='grc' dir='ltr'>έαρ</span> <span class='ocrx_word' id='word_1_200' title='bbox 773 3061 1049 3162; x_wconf 92' lang='grc' dir='ltr'>προσαγορεύειν,</span> <span class='ocrx_word' id='word_1_201' title='bbox 1074 3067 1133 3136; x_wconf 78' lang='grc' dir='ltr'>καὶ</span> <span class='ocrx_word' id='word_1_202' title='bbox 1156 3063 1213 3136; x_wconf 86' lang='grc' dir='ltr'>τόν</span> <span class='ocrx_word' id='word_1_203' title='bbox 1238 3067 1299 3163; x_wconf 82' lang='grc' dir='ltr'>ἔαρ</span> <span class='ocrx_word' id='word_1_204' title='bbox 1325 3067 1368 3138; x_wconf 86' lang='grc' dir='ltr'>εί-</span> 
     </span>
     <span class='ocr_line' id='line_1_24' title="bbox 207 3199 1368 3303; baseline -0.003 -24"><span class='ocrx_word' id='word_1_205' title='bbox 207 3205 315 3279; x_wconf 91' lang='grc' dir='ltr'>πόντα</span> <span class='ocrx_word' id='word_1_206' title='bbox 333 3207 374 3277; x_wconf 86' lang='grc' dir='ltr'>έα</span> <span class='ocrx_word' id='word_1_207' title='bbox 391 3205 451 3276; x_wconf 80' lang='grc' dir='ltr'>καί</span> <span class='ocrx_word' id='word_1_208' title='bbox 466 3201 512 3302; x_wconf 88' lang='grc' dir='ltr'>μή</span> <span class='ocrx_word' id='word_1_209' title='bbox 528 3201 637 3302; x_wconf 79' lang='grc' dir='ltr'>φράζε</span> <span class='ocrx_word' id='word_1_210' title='bbox 651 3201 807 3302; x_wconf 91' lang='grc' dir='ltr'>δηλονότι</span> <span class='ocrx_word' id='word_1_211' title='bbox 822 3199 976 3274; x_wconf 84' lang='grc' dir='ltr'>ἀκούειν·</span> <span class='ocrx_word' id='word_1_212' title='bbox 996 3206 1134 3301; x_wconf 76' lang='grc' dir='ltr'>ποιηταὶ</span> <span class='ocrx_word' id='word_1_213' title='bbox 1148 3205 1185 3275; x_wconf 77' lang='grc' dir='ltr'>δὲ</span> <span class='ocrx_word' id='word_1_214' title='bbox 1198 3205 1258 3275; x_wconf 78' lang='grc' dir='ltr'>καὶ</span> <span class='ocrx_word' id='word_1_215' title='bbox 1270 3229 1368 3303; x_wconf 89' lang='grc' dir='ltr'>ποιη-</span> 
     </span>
     <span class='ocr_line' id='line_1_25' title="bbox 207 3339 1368 3442; baseline -0.003 -24"><span class='ocrx_word' id='word_1_216' title='bbox 207 3356 274 3418; x_wconf 82' lang='grc' dir='ltr'>τῶν</span> <span class='ocrx_word' id='word_1_217' title='bbox 291 3344 421 3435; x_wconf 85' lang='grc' dir='ltr'>παῖδες,</span> <span class='ocrx_word' id='word_1_218' title='bbox 442 3343 472 3415; x_wconf 84' lang='grc' dir='ltr'>οἱ</span> <span class='ocrx_word' id='word_1_219' title='bbox 489 3345 549 3414; x_wconf 78' lang='grc' dir='ltr'>καὶ</span> <span class='ocrx_word' id='word_1_220' title='bbox 567 3341 713 3440; x_wconf 87' lang='grc' dir='ltr'>μάλιστα</span> <span class='ocrx_word' id='word_1_221' title='bbox 729 3341 822 3414; x_wconf 80' lang='grc' dir='ltr'>θεῶν</span> <span class='ocrx_word' id='word_1_222' title='bbox 841 3339 966 3429; x_wconf 83' lang='grc' dir='ltr'>εἰδότες</span> <span class='ocrx_word' id='word_1_223' title='bbox 980 3344 1039 3414; x_wconf 78' lang='grc' dir='ltr'>καὶ</span> <span class='ocrx_word' id='word_1_224' title='bbox 1052 3342 1178 3440; x_wconf 78' lang='grc' dir='ltr'>βουλὰς</span> <span class='ocrx_word' id='word_1_225' title='bbox 1191 3347 1251 3415; x_wconf 77' lang='grc' dir='ltr'>καὶ</span> <span class='ocrx_word' id='word_1_226' title='bbox 1265 3343 1368 3442; x_wconf 91' lang='grc' dir='ltr'>όιπόρ-</span> 
     </span>
     <span class='ocr_line' id='line_1_26' title="bbox 209 3480 1369 3587; baseline -0.004 -28"><span class='ocrx_word' id='word_1_227' title='bbox 209 3513 308 3587; x_wconf 92' lang='grc' dir='ltr'>ρητα,</span> <span class='ocrx_word' id='word_1_228' title='bbox 323 3488 383 3558; x_wconf 77' lang='grc' dir='ltr'>καί</span> <span class='ocrx_word' id='word_1_229' title='bbox 398 3484 513 3584; x_wconf 79' lang='grc' dir='ltr'>ἐξᾶραι</span> <span class='ocrx_word' id='word_1_230' title='bbox 526 3483 616 3556; x_wconf 79' lang='grc' dir='ltr'>τοῦτ’</span> <span class='ocrx_word' id='word_1_231' title='bbox 629 3480 765 3583; x_wconf 87' lang='grc' dir='ltr'>ήβουλή</span> <span class='ocrx_word' id='word_1_232' title='bbox 773 3481 900 3582; x_wconf 87' lang='grc' dir='ltr'>θησαν.</span> <span class='ocrx_word' id='word_1_233' title='bbox 920 3492 964 3581; x_wconf 68' lang='grc' dir='ltr'>τγῖ</span> <span class='ocrx_word' id='word_1_234' title='bbox 973 3481 1157 3582; x_wconf 80' lang='grc' dir='ltr'>δὲπερίτόν</span> <span class='ocrx_word' id='word_1_235' title='bbox 1167 3481 1369 3583; x_wconf 81' lang='grc' dir='ltr'>έλληνισμόν</span> 
     </span>
    </p>

    <p class='ocr_par' dir='ltr' id='par_1_9' title="bbox 139 3621 1370 4144">
     <span class='ocr_line' id='line_1_27' title="bbox 139 3621 1370 3725; baseline -0.008 -23"><span class='ocrx_word' id='word_1_236' title='bbox 139 3649 173 3703; x_wconf 78' lang='lat'>25</span> <span class='ocrx_word' id='word_1_237' title='bbox 208 3627 398 3725; x_wconf 85' lang='grc' dir='ltr'>κηδεμονίᾳ</span> <span class='ocrx_word' id='word_1_238' title='bbox 415 3627 475 3697; x_wconf 80' lang='grc' dir='ltr'>καὶ</span> <span class='ocrx_word' id='word_1_239' title='bbox 493 3621 574 3696; x_wconf 90' lang='grc' dir='ltr'>διότι</span> <span class='ocrx_word' id='word_1_240' title='bbox 593 3621 635 3722; x_wconf 86' lang='grc' dir='ltr'>δή</span> <span class='ocrx_word' id='word_1_241' title='bbox 654 3631 713 3694; x_wconf 82' lang='grc' dir='ltr'>τοιῖ</span> <span class='ocrx_word' id='word_1_242' title='bbox 731 3621 892 3722; x_wconf 75' lang='grc' dir='ltr'>πλήθους</span> <span class='ocrx_word' id='word_1_243' title='bbox 909 3632 975 3695; x_wconf 81' lang='grc' dir='ltr'>τῶν</span> <span class='ocrx_word' id='word_1_244' title='bbox 993 3621 1165 3722; x_wconf 86' lang='grc' dir='ltr'>όνομοίτων</span> <span class='ocrx_word' id='word_1_245' title='bbox 1186 3621 1370 3722; x_wconf 79' lang='grc' dir='ltr'>ἀπλήστως</span> 
     </span>
     <span class='ocr_line' id='line_1_28' title="bbox 210 3760 1368 3866; baseline -0.004 -27"><span class='ocrx_word' id='word_1_246' title='bbox 210 3768 320 3866; x_wconf 86' lang='grc' dir='ltr'>είχον,</span> <span class='ocrx_word' id='word_1_247' title='bbox 347 3767 521 3863; x_wconf 82' lang='grc' dir='ltr'>ἐφείσαντο</span> <span class='ocrx_word' id='word_1_248' title='bbox 540 3765 611 3864; x_wconf 89' lang='grc' dir='ltr'>μέν,</span> <span class='ocrx_word' id='word_1_249' title='bbox 636 3763 793 3834; x_wconf 88' lang='grc' dir='ltr'>συνεῖλον</span> <span class='ocrx_word' id='word_1_250' title='bbox 819 3762 856 3835; x_wconf 83' lang='grc' dir='ltr'>δὲ</span> <span class='ocrx_word' id='word_1_251' title='bbox 881 3765 916 3851; x_wconf 83' lang='grc' dir='ltr'>ές</span> <span class='ocrx_word' id='word_1_252' title='bbox 945 3763 1023 3835; x_wconf 84' lang='grc' dir='ltr'>ὅσον</span> <span class='ocrx_word' id='word_1_253' title='bbox 1050 3763 1235 3862; x_wconf 90' lang='grc' dir='ltr'>όλίγιστον,</span> <span class='ocrx_word' id='word_1_254' title='bbox 1259 3761 1305 3860; x_wconf 87' lang='grc' dir='ltr'>ήρ</span> <span class='ocrx_word' id='word_1_255' title='bbox 1330 3760 1368 3832; x_wconf 85' lang='grc' dir='ltr'>τό</span> 
     </span>
     <span class='ocr_line' id='line_1_29' title="bbox 211 3899 1370 4004; baseline -0.003 -26"><span class='ocrx_word' id='word_1_256' title='bbox 211 3909 272 4004; x_wconf 88' lang='grc' dir='ltr'>έαρ</span> <span class='ocrx_word' id='word_1_257' title='bbox 289 3902 568 4004; x_wconf 89' lang='grc' dir='ltr'>προσειρηκότες,</span> <span class='ocrx_word' id='word_1_258' title='bbox 595 3903 682 3975; x_wconf 80' lang='grc' dir='ltr'>ὥστε</span> <span class='ocrx_word' id='word_1_259' title='bbox 705 3899 887 3974; x_wconf 82' lang='grc' dir='ltr'>λανθάνειν</span> <span class='ocrx_word' id='word_1_260' title='bbox 911 3901 1002 3974; x_wconf 78' lang='grc' dir='ltr'>κατὰ</span> <span class='ocrx_word' id='word_1_261' title='bbox 1025 3901 1088 4002; x_wconf 86' lang='grc' dir='ltr'>τήν</span> <span class='ocrx_word' id='word_1_262' title='bbox 1111 3903 1286 3974; x_wconf 88' lang='grc' dir='ltr'>συνέπειαν</span> <span class='ocrx_word' id='word_1_263' title='bbox 1310 3905 1370 3974; x_wconf 79' lang='grc' dir='ltr'>καὶ</span> 
     </span>
     <span class='ocr_line' id='line_1_30' title="bbox 212 4039 1149 4144; baseline -0.005 -29"><span class='ocrx_word' id='word_1_264' title='bbox 212 4042 259 4144; x_wconf 86' lang='grc' dir='ltr'>μή</span> <span class='ocrx_word' id='word_1_265' title='bbox 280 4041 403 4142; x_wconf 82' lang='grc' dir='ltr'>μεταξύ</span> <span class='ocrx_word' id='word_1_266' title='bbox 415 4040 593 4142; x_wconf 42' lang='grc' dir='ltr'>’λεγόντων</span> <span class='ocrx_word' id='word_1_267' title='bbox 609 4040 687 4129; x_wconf 89' lang='grc' dir='ltr'>τούς</span> <span class='ocrx_word' id='word_1_268' title='bbox 705 4039 893 4129; x_wconf 88' lang='grc' dir='ltr'>ἀκούοντας</span> <span class='ocrx_word' id='word_1_269' title='bbox 910 4042 1149 4142; x_wconf 85' lang='grc' dir='ltr'>δυσχεραίνειν.</span> 
     </span>
    </p>

    <p class='ocr_par' dir='ltr' id='par_1_10' title="bbox 317 4173 1370 4281">
     <span class='ocr_line' id='line_1_31' title="bbox 317 4173 1370 4281; baseline -0.005 -26"><span class='ocrx_word' id='word_1_270' title='bbox 317 4180 417 4255; x_wconf 90' lang='grc' dir='ltr'>Ούτω</span> <span class='ocrx_word' id='word_1_271' title='bbox 436 4182 473 4253; x_wconf 80' lang='grc' dir='ltr'>δὲ</span> <span class='ocrx_word' id='word_1_272' title='bbox 490 4178 638 4281; x_wconf 89' lang='grc' dir='ltr'>προιόντι</span> <span class='ocrx_word' id='word_1_273' title='bbox 653 4188 701 4275; x_wconf 82' lang='grc' dir='ltr'>τῷ</span> <span class='ocrx_word' id='word_1_274' title='bbox 719 4176 817 4276; x_wconf 87' lang='grc' dir='ltr'>λόγῳ</span> <span class='ocrx_word' id='word_1_275' title='bbox 840 4181 901 4251; x_wconf 84' lang='grc' dir='ltr'>καὶ</span> <span class='ocrx_word' id='word_1_276' title='bbox 926 4182 1037 4278; x_wconf 79' lang='grc' dir='ltr'>ἕτερον</span> <span class='ocrx_word' id='word_1_277' title='bbox 1061 4173 1245 4249; x_wconf 83' lang='grc' dir='ltr'>ἀνακύπτει</span> <span class='ocrx_word' id='word_1_278' title='bbox 1263 4175 1370 4277; x_wconf 52' lang='grc' dir='ltr'>κεφόν</span> 
     </span>
    </p>
   </div>
   <div class='ocr_carea' id='block_1_4' title="bbox 142 4315 1370 4421">
    <p class='ocr_par' dir='ltr' id='par_1_11' title="bbox 142 4315 1370 4421">
     <span class='ocr_line' id='line_1_32' title="bbox 142 4315 1370 4421; baseline -0.007 -25"><span class='ocrx_word' id='word_1_279' title='bbox 142 4331 178 4385; x_wconf 85' lang='grc'>30</span> <span class='ocrx_word' id='word_1_280' title='bbox 211 4323 319 4418; x_wconf 87' lang='grc' dir='ltr'>λαιον,</span> <span class='ocrx_word' id='word_1_281' title='bbox 345 4320 387 4394; x_wconf 84' lang='grc' dir='ltr'>δι’</span> <span class='ocrx_word' id='word_1_282' title='bbox 410 4321 513 4420; x_wconf 87' lang='grc' dir='ltr'>ούπερ</span> <span class='ocrx_word' id='word_1_283' title='bbox 538 4320 605 4421; x_wconf 92' lang='grc' dir='ltr'>ούχ</span> <span class='ocrx_word' id='word_1_284' title='bbox 630 4321 679 4392; x_wconf 85' lang='grc' dir='ltr'>ότι</span> <span class='ocrx_word' id='word_1_285' title='bbox 701 4321 817 4417; x_wconf 82' lang='grc' dir='ltr'>ἔαρος,</span> <span class='ocrx_word' id='word_1_286' title='bbox 844 4316 937 4389; x_wconf 79' lang='grc' dir='ltr'>ἀλλὰ</span> <span class='ocrx_word' id='word_1_287' title='bbox 961 4318 1109 4388; x_wconf 75' lang='grc' dir='ltr'>καὶτῶν</span> <span class='ocrx_word' id='word_1_288' title='bbox 1134 4315 1249 4390; x_wconf 87' lang='grc' dir='ltr'>ἀλλων</span> <span class='ocrx_word' id='word_1_289' title='bbox 1274 4317 1370 4417; x_wconf 81' lang='grc' dir='ltr'>ιύρυῖν</span> 
     </span>
    </p>
   </div>
   <div class='ocr_carea' id='block_1_5' title="bbox 0 0 1533 4724">
    <p class='ocr_par' dir='ltr' id='par_1_12' title="bbox 0 0 1533 4724">
     <span class='ocr_line' id='line_1_33' title="bbox 0 0 1533 4724; baseline 0 0"><span class='ocrx_word' id='word_1_290' title='bbox 0 0 1533 4724; x_wconf 95' lang='lat' dir='ltr'> </span> 
     </span>
    </p>
   </div>
  </div>
 </body>
</html>
