3058 4732
738 82 757 150 5
870 121 871 126 ,

265 301 432 401 Μέγιστον
456 304 516 400 μὲν
542 299 600 373 ούν
625 300 763 400 ἀγαθόν
784 301 904 402 τὸτῆς
929 300 1099 400 ἀληθείας
1124 300 1229 402 αὐτῆς
1254 306 1323 402 ἐφι-

161 442 318 517 κνεῖσθαι
331 443 476 520 κάκεῖνα
490 441 576 540 μόνα
590 444 649 514 καὶ
663 440 871 514 διανοεῖσθαι
884 444 943 515 καί
956 443 1082 540 λέγειν,
1092 442 1220 541 ὅσαπερ
1237 445 1323 516 έκεί-

161 611 221 685 νην
234 581 459 683 ὑπαγορεύειν
475 580 583 670 εἰκός·
605 585 633 654 εί
647 583 684 654 δὲ
699 580 746 681 μη
761 581 852 654 τοῦτ’
872 583 937 682 ε’ίη,
953 579 1108 680 δεύτερος
1121 584 1203 679 φασί
1216 583 1324 670 πλοῦς

160 723 198 796 τό
219 722 265 823 μη
285 731 370 821 γοῦν
388 731 494 820 σοφοῦ
509 719 627 820 λόγοις
639 719 724 820 πρὸς
736 719 872 793 παιδιάν
886 719 1021 820 ῥηθεῖσι
1034 721 1227 808 κλαπέντας
1241 746 1322 820 συμ-

160 862 326 963 φέρεσθαι
343 873 412 950 τοῖς
430 859 601 962 δημώδεσι
620 862 708 961 μηδὲ
725 859 768 932 τά
791 869 856 932 τών
882 857 1092 932 ἀπαιδεύτων
1116 859 1322 960 πρεσβεύειν,
1375 879 1390 929 5

162 1006 190 1076 εἰ
209 1005 267 1075 καί
283 1010 346 1102 τῆς
369 1002 478 1100 ἀκρας
503 999 714 1098 εῦδαιμονίας
737 998 843 1087 εύθυς
867 998 1097 1099 ύποβέβηκεν·
1124 999 1197 1071 ἀλλ’
1227 999 1323 1072 ούδέν

161 1141 254 1242 παρά
277 1131 375 1214 τὀῦτο
399 1138 484 1239 πρὸς
509 1141 684 1239 ἐπιτυχίαν
710 1141 829 1236 σοφίας
854 1139 994 1211 ἔλαττον
1020 1138 1253 1238 ἀπηνέγκατο,
1278 1137 1323 1228 ώς

163 1285 275 1381 ἔγωγε
290 1280 356 1381 οὐχ
371 1280 449 1352 όσον
463 1283 525 1379 έαρ
540 1287 706 1380 χειμῶνος
724 1277 931 1377 ἐπίπροσθεν
946 1279 1068 1378 ἀγσυσι
1081 1289 1150 1366 τοῖς
1163 1277 1323 1368 τοιούτοις

161 1421 224 1492 ὅσα
236 1403 556 1520 καὶπαραιρρονσῦσι
563 1420 737 1518 προσέχω,
749 1417 822 1490 ἀλλ’
836 1416 933 1490 οῦδὲν
940 1429 1008 1505 τοῖς
1023 1415 1154 1516 σφόδρα
1167 1437 1322 1516 καταφα-

158 1563 227 1633 νέσι
245 1562 305 1632 καὶ
323 1563 358 1631 έν
375 1562 454 1632 ποσί
471 1557 559 1631 πάνυ
577 1582 628 1630 τοι
652 1553 819 1630 πιστεύειν
843 1559 928 1657 έχω.
966 1555 1149 1655 ύποπτεύω
1172 1556 1240 1656 γάρ
1264 1556 1322 1630 τόν
1360 1576 1399 1628 10·

158 1699 265 1799 λόγον
292 1701 351 1770 καὶ
376 1698 502 1798 ἥκιστα
527 1707 596 1783 τοῖς
622 1695 681 1768 ὑπ’
713 1695 824 1768 αύτών
857 1694 1100 1795 θρυλουμένοις
1131 1699 1322 1797 παρρησίαν

159 1843 268 1940 νέμω·
288 1839 421 1912 πολλοῦ
440 1836 483 1936 δη
503 1834 617 1937 δεήσει
634 1839 694 1908 καὶ
713 1846 877 1908 συνειπεῖν
893 1838 953 1907 καὶ
970 1833 1192 1934 συνάρασθαι.

263 1976 335 2049 Καὶ
352 1975 420 2076 γάρ
438 1980 494 2048 ἵνα
509 1985 575 2048 τῶν
594 1977 709 2049 ἀλλων
726 1977 867 2049 πολλῶν
885 1976 988 2048 ’όντων
1006 1975 1183 2074 ἀφέμενος,
1205 1975 1228 2047 ά
1244 1979 1321 2074 περὶ

159 2125 227 2212 τιῦν
244 2117 391 2216 ἀστέρων
409 2116 499 2190 ούτοι
518 2117 841 2216 μετεωρολεσχοῦσι,
860 2113 944 2214 πρὸς
962 2113 1074 2214 βραχύ
1094 2113 1270 2202 διεξέλθω.

252 2255 374 2344 Ὅσους
387 2254 465 2344 τούς
478 2258 554 2354 περὶ
567 2264 635 2355 γῆν
649 2253 852 2355 ἀνθρώπους
866 2254 1079 2353 συμβέβηκεν
1093 2255 1175 2326 εἶναι
1190 2253 1319 2352 ἰσαρίθ-
1357 2268 1388 2321 15

159 2423 241 2497 μους
259 2401 318 2470 καί
337 2398 395 2486 ούς
413 2397 553 2497 ούρανδς
570 2397 713 2496 ἀστέρας
727 2399 821 2496 φέρει
835 2397 1089 2496 δημιουργοῦσι,
1108 2399 1167 2468 καί
1180 2405 1245 2468 τῦν
1260 2399 1320 2494 μὲν

158 2535 323 2637 δεξιότητι
336 2535 446 2638 τύχης
459 2540 644 2638 χρωμένων
657 2535 917 2636 λαμπροτάτους
932 2534 1157 2635 έδογμάτισαν
1171 2539 1230 2608 καὶ
1242 2535 1320 2624 τούς

158 2675 301 2774 ἀστέρας
314 2676 473 2776 ὁρᾶσθαι,
492 2675 755 2776 ύποδεεστέρους
773 2678 810 2749 δὲ
828 2685 893 2749 τών
910 2678 1009 2772 πενίᾳ
1027 2673 1223 2765 συζώντων·
1241 2677 1272 2748 οἱ
1286 2675 1315 2747 δ’

159 2817 206 2902 εἰς
232 2815 322 2888 ἅπαν
352 2815 535 2904 ἐλάσαντες
560 2815 720 2915 ἀπορίας,
747 2816 837 2888 ούτοι
862 2817 945 2914 φησὶ
969 2813 1047 2902 τούς
1071 2813 1320 2913 ἀμυδροτάτους

158 2955 287 3054 ἔλαχον
304 2959 364 3028 καί
382 2958 429 3044 οίς
442 2954 480 3029 τό
496 2965 567 3054 φώς
582 2957 831 3030 ἐπιλελοιπέναι
845 2956 957 3027 δοκεῖ·
977 2953 1165 3026 κάντεῦθεν
1179 2953 1221 3053 δη
1238 2979 1319 3052 συμ-
1353 2969 1388 3023 20

156 3097 385 3194 περαίνουσιν,
413 3093 547 3192 ἑκάστῳ
570 3104 690 3168 τετῶν
710 3093 1001 3168 ἀπαλλασσόντων
1026 3091 1319 3192 συναποθνήσκειν

156 3233 296 3307 καὶτὸν
323 3237 655 3334 συγκεκληρωμένον
679 3233 861 3334 ἄνθρωπον
884 3236 945 3306 καὶ
968 3245 1037 3320 τοῖς
1062 3236 1108 3321 εἰς
1133 3241 1204 3330 φῦς
1225 3257 1318 3330 προι-

156 3383 249 3447 οῦσιν
268 3373 367 3462 αὖθις
388 3373 641 3474 ξυγγεννοῖσθαι
658 3376 803 3473 ἑτέρους.

261 3511 333 3584 Καὶ
356 3513 472 3586 πολλοὶ
496 3512 737 3612 τοιουτότροπα
760 3509 1037 3610 παρακόπτοντες
1061 3507 1317 3608 όνειρώττουσιν,

158 3653 231 3724 ἐπεὶ
250 3649 418 3739 καθάπαξ
438 3651 541 3750 ὀλίγα
559 3655 650 3750 σφίσι
667 3661 729 3752 τῆς
754 3651 924 3750 ἀληθείας
950 3651 1135 3749 ἐμέλησεν·
1164 3650 1192 3720 εἰ
1210 3649 1317 3718 τοίνυν
1352 3668 1385 3721 25

156 3799 263 3864 ταῦτα
291 3792 512 3890 παραδεκτέα
536 3793 596 3862 καί
621 3801 690 3879 τοῖς
715 3800 781 3863 τών
813 3799 927 3887 σοφῶν
957 3786 1121 3886 δόγμασιν
1146 3789 1316 3885 ἐγκριτέα,

157 3921 335 4002 πιστευτέα
358 3932 418 4002 καί
444 3930 467 4002 ἃ
492 3940 659 4030 χειμῶνος
675 3933 752 4029 πέρι
769 3933 828 4002 καί
847 3932 946 4028 έαρος
962 3923 1199 4025 ὑπειλήφασιν.
1236 3927 1264 3996 εί
1282 3924 1313 3995 δ’

157 4068 273 4157 ἄλλως
291 4068 414 4168 ἀμαθῆ
433 4071 493 4140 καί
512 4072 602 4168 μέγα
619 4067 858 4169 παραλήρημοι
874 4069 934 4139 καὶ
959 4067 1077 4164 μανίας
1100 4072 1221 4162 μακρῷ
1245 4065 1316 4163 χεί-

157 4233 250 4307 ρονα,
269 4211 301 4280 τί
318 4207 446 4308 δήποτε
464 4207 542 4296 τούς
559 4217 666 4280 ταῦτα
683 4211 760 4307 περὶ
776 4206 834 4280 τόν
853 4207 922 4305 βίον
941 4203 1139 4303 εἰσάγοντας
1154 4201 1200 4301 μή
1217 4227 1316 4300 μετα-

157 4345 287 4437 διδάξαι
304 4348 342 4420 τδ
362 4350 398 4421 όν
414 4347 659 4449 σπουδάσομεν,
678 4349 701 4447 ἢ
718 4346 765 4448 μη
779 4345 1004 4445 πειθομένους
1016 4345 1147 4443 χαίρειν
1161 4341 1233 4440 ἅμα
1244 4351 1317 4430 ταῖς
1350 4348 1385 4402 30
1521 4397 1523 4422 ,
