3058 4732
706 66 908 172 *1-8-

224 283 375 378 δύνοντα,
402 288 462 358 καῖ
487 283 550 384 τὴν
578 287 739 358 ἐπιοῦσαν
764 284 926 386 καδαράν
952 289 1012 358 καί
1039 285 1204 384 ἀνέφελον
1225 282 1384 385 μαντευό-

223 424 327 524 μεδα.
362 428 422 498 καῖ
434 423 605 498 πλειάδων
619 423 685 498 ύπὸ
699 424 756 498 τόν
770 425 926 526 ὁρίζοντα
944 429 986 498 έκ
1002 435 1062 498 τού
1081 424 1196 524 ὁμοίου
1210 451 1385 499 καταπτα-

224 568 342 665 μένων,
369 565 512 665 εύκραὲς
530 563 586 638 ἐπ’
608 567 725 653 αἰσίοις
742 563 781 638 τό
800 568 860 664 ἐἀρ
879 565 1117 665 οἰωνιζόμεδα.
1155 569 1228 665 ἔαρι
1245 566 1282 638 δὲ
1299 569 1386 653 τίνος

222 702 323 805 χάριν
339 702 467 777 τούτων
485 702 650 802 εἰσόμεθα
660 729 668 795 ;
689 703 754 776 οὐκ
771 703 916 802 ἀφέλκει
932 702 1067 778 πάντων
1088 703 1198 778 αύτιῖν
1221 708 1281 777 καὶ
1305 704 1385 776 ἀνα-

172 860 189 911 5
223 845 440 944 βεβλημένως
457 845 626 943 ἐπιτρέπει
643 844 752 942 βιούν;
780 843 846 916 ούκ
870 843 1034 944 ἀτέχνους
1050 869 1088 918 τε
1105 847 1165 917 καῖ
1182 843 1385 943 ἀμυοταγω-

222 982 351 1084 γήτους
384 985 538 1056 δαπανᾶν
563 981 621 1055 τὸν
651 983 721 1082 βίον
746 982 1020 1082 παρασκευάζει,
1048 983 1193 1084 μηδενός
1218 986 1386 1070 συνιέντας

222 1132 288 1194 τῶν
307 1123 371 1195 ὅσα
388 1119 444 1194 διά
461 1130 527 1194 τῶν
545 1124 580 1194 έν
599 1121 691 1217 αύτῷ
709 1121 964 1221 συμπιπτόντων
990 1122 1130 1222 ούρανός
1146 1125 1309 1222 προτείνει
1326 1125 1385 1194 καί

221 1261 424 1362 δαυμασίως
441 1260 583 1359 ὠφελῶν
603 1265 664 1334 καὶ
689 1260 925 1362 συμφερόντως
948 1261 1168 1363 ἐκπλήττων,
1195 1263 1234 1336 τό
1258 1263 1327 1364 γάρ
1352 1267 1387 1336 έν

222 1399 331 1496 τούτῳ
356 1399 405 1500 μή
432 1398 657 1500 μεταβάλλειν
683 1399 729 1489 ὡς
752 1400 791 1475 τό
815 1401 905 1476 πολύ
930 1400 1009 1490 τούς
1032 1401 1136 1502 ἀέρας
1159 1400 1325 1503 όκνηρούς
1349 1394 1387 1476 τε

160 1559 191 1611 10
223 1542 299 1640 περὶ
311 1538 374 1639 τὴν
387 1549 454 1612 τοῖν
467 1541 585 1612 καλῶν
599 1538 741 1640 ζήτησιν
757 1539 837 1628 τούς
855 1538 1058 1640 ἀνθρώπους
1071 1544 1131 1614 καὶ
1144 1552 1212 1630 τοῖς
1224 1552 1387 1642 παροῦσιν

225 1678 365 1778 ἀγαπᾶν
383 1679 443 1752 σύν
461 1679 602 1778 οὐδεμιᾷ
618 1688 678 1752 τού
696 1681 880 1778 μέλλοντος
897 1680 1079 1781 προμηθίᾳ
1096 1693 1194 1754 ποιεῖ.

323 1816 479 1920 Ἀπόχρη
497 1819 582 1919 πρὸς
598 1830 668 1907 τοῖς
685 1820 804 1908 ἀλλοις
824 1822 884 1892 καὶ
907 1829 1007 1893 τούτο
1033 1818 1187 1914 εἰπόντα,
1213 1821 1385 1921 δαιμονιω-

223 1961 322 2059 τέρας
338 1960 362 2058 ἢ
381 1957 468 2031 καθ’
491 1958 581 2057 ὥραν
599 1957 691 2045 ἀξιον
708 1957 883 2059 ἀποφῆναι
906 1959 964 2032 τόν
977 1963 1142 2060 χειμῶνα
1165 1969 1274 2061 τιμῆς.
1311 1959 1385 2034 τού-

223 2125 283 2172 του
301 2097 369 2198 γάρ
388 2097 524 2198 ψυχροῖς
540 2099 601 2169 καὶ
617 2094 726 2196 ύγροῖς
742 2095 975 2199 τετυχηκότος
991 2107 1054 2198 τῆς
1071 2098 1237 2198 κράσεως,
1266 2103 1308 2172 ἐκ
1327 2104 1386 2199 μὲν

159 2263 191 2314 15
223 2246 283 2310 τού
302 2234 503 2336 ψύχους-
522 2236 540 2308 δ
559 2237 665 2335 μηδὲν
686 2245 745 2308 τού
772 2236 907 2338 ψυχροῦ
933 2235 1126 2311 διαλλάττει
1144 2281 1195 2291 -
1213 2236 1331 2338 ψυχήν
1348 2239 1387 2310 τό

223 2375 420 2477 τιμιώτατον
438 2378 473 2448 έν
490 2387 559 2464 τοῖς
576 2375 650 2448 ούσι
666 2376 1003 2477 προσαγορεύσαντες
1020 2419 1071 2432 —-
1088 2380 1149 2450 καὶ
1173 2376 1295 2478 ψύχειν
1317 2377 1386 2476 γάρ

225 2519 354 2617 εἴρηται
370 2515 409 2588 τό
428 2514 610 2614 ζωογονεῖν
628 2559 691 2608 -,
727 2515 846 2616 ύγείαν
872 2517 910 2589 δὲ
934 2519 977 2590 ἐκ
1002 2525 1062 2590 τού
1085 2516 1192 2617 ύγρού
1209 2516 1318 2590 πολύν
1337 2519 1354 2588 έ
1373 2559 1387 2571 -

225 2659 353 2755 έφηναν
372 2657 403 2729 οἱ
420 2653 528 2728 πάλαι
545 2665 593 2750 τῷ
610 2664 751 2756 χειμῶνι
767 2654 825 2728 τόν
844 2656 961 2755 ὄγκον.
997 2654 1021 2756 ἡ
1042 2657 1079 2728 δέ
1104 2683 1159 2756 μοι
1184 2655 1302 2757 ψυχή,
1328 2657 1388 2728 καὶ

224 2795 304 2868 όταν
322 2794 505 2895 ἀναψυχῆς
521 2819 608 2882 τινος
630 2796 654 2894 ψ
681 2792 879 2892 ἀναψύξεως
905 2794 1069 2895 α’ίσδηται
1092 2798 1152 2868 καὶ
1176 2796 1389 2896 παραψυχῆς

158 2964 192 3018 20
224 2962 247 3036 η
262 2935 493 3036 ψυχαγωγίας
509 2933 656 3033 ἀκούσῃ,
672 2931 879 3034 ύπερήδεταί
887 2959 924 3008 τε
939 2937 998 3007 καὶ
1012 2944 1133 3035 σκιρτᾷ
1140 2937 1199 3008 καὶ
1208 2935 1386 3036 διαχεῖται.

223 3077 338 3175 χαίρει
363 3072 431 3172 γάρ
458 3083 527 3162 τοῖς
552 3072 730 3172 ξυγγενέσι
754 3075 815 3146 καὶ
847 3071 1036 3174 όμοψύχοις
1072 3072 1221 3173 ὀνόμασι,
1265 3078 1326 3148 καὶ
1348 3073 1387 3147 t&
1509 3061 1510 3108 ι

226 3211 418 3312 ἀποψύχειν
436 3212 474 3284 δὲ
491 3215 550 3284 καῖ
568 3209 733 3312 έκψύχειν
747 3211 814 3312 ούχ
829 3210 974 3312 ἑτεροῖόν
987 3239 1018 3286 τι
1031 3215 1118 3287 ἐστὶν
1131 3215 1155 3314 ἢ
1169 3213 1208 3287 τὸ
1222 3223 1387 3314 χειμῶνος

226 3349 436 3451 ἀφίστασθαι
453 3353 513 3423 καὶ
530 3333 650 3438 ἐξιέναι
668 3349 812 3424 εἰσιόντα
829 3351 986 3451 δηλονότι
1002 3351 1087 3452 πρὸς
1105 3355 1177 3452 ἔαρ.
1215 3356 1243 3426 εί
1267 3354 1305 3426 δέ
1328 3355 1388 3426 καὶ

224 3493 316 3592 ύδωρ
334 3491 501 3590 ἀναλογεῖ
513 3500 561 3587 τῷ
576 3499 717 3592 χειμῶνι
727 3515 735 3583 ;
754 3489 793 3564 τό
813 3491 851 3564 δέ
870 3493 939 3565 ἐστι
955 3491 1305 3592 πολυχρησιμιύτατον
1322 3501 1388 3564 τῶν

155 3679 189 3735 25
226 3632 412 3732 στοιχείων,
430 3627 605 3730 πρόδηλον
623 3628 669 3718 ὥς
685 3632 746 3702 καὶ
762 3628 892 3730 χειμών
908 3639 974 3704 τῶν
992 3631 1118 3704 λοιπῶν
1136 3629 1244 3731 ὡρῶν,
1264 3633 1316 3718 αἷς
1328 3633 1388 3702 καὶ

225 3775 286 3871 έαρ
304 3769 569 3870 συναριθμεῖται,
587 3770 925 3868 πολυωφελέστατος.

324 3908 419 4009 Ἐγώ
438 3908 468 3982 δ’
491 3910 571 3982 ὅταν
589 3908 693 3982 αύτού
712 3911 772 3981 καὶ
788 3906 873 4008 πρὸς
889 3907 933 3982 τά
949 3909 1064 4010 ἄλογα
1077 3911 1311 4009 διαβαίνουσαν
1324 3936 1388 3984 κα-

225 4047 383 4151 τανοήσω
396 4046 459 4149 τψν
471 4046 642 4148 πρόνοιαν,
657 4047 725 4148 ούχ
738 4046 818 4147 ὁρῶ,
832 4057 906 4137 πῶς
920 4049 961 4122 ἀν
974 4047 1076 4122 αύτόν
1089 4048 1190 4137 ἀξίως
1202 4047 1386 4148 δαυμάσω.

226 4188 369 4291 κήδεται
386 4189 447 4286 μὲν
463 4184 532 4286 γάρ
556 4184 708 4278 πάντων,
733 4184 959 4286 περισσότατα
983 4188 1021 4260 δὲ
1045 4196 1112 4260 τῶν
1136 4186 1387 4290 ἀσθενεστέρων

157 4363 192 4416 30
227 4332 287 4404 καί
306 4328 522 4428 μικροτέρων.
557 4329 618 4400 καὶ
635 4327 713 4399 οὔτε
730 4337 799 4417 τοῖς
817 4326 946 4427 μείζοσι
963 4338 1141 4428 συγχωρεῖ
1159 4341 1228 4419 τοῖς
1252 4330 1388 4430 ἥττοσιν
