<?xml version="1.0" encoding="UTF-8"?>
<!DOCTYPE html PUBLIC "-//W3C//DTD XHTML 1.0 Transitional//EN"
    "http://www.w3.org/TR/xhtml1/DTD/xhtml1-transitional.dtd">
<html xmlns="http://www.w3.org/1999/xhtml" xml:lang="en" lang="en">
 <head>
  <title>
</title>
<meta http-equiv="Content-Type" content="text/html;charset=utf-8" />
  <meta name='ocr-system' content='tesseract 3.04.00' />
  <meta name='ocr-capabilities' content='ocr_page ocr_carea ocr_par ocr_line ocrx_word'/>
</head>
<body>
  <div class='ocr_page' id='page_1' title='image "./comparatiohiemi00plangoog_0031.png"; bbox 0 0 3058 4732; ppageno 0'>
   <div class='ocr_carea' id='block_1_1' title="bbox 761 100 807 169">
    <p class='ocr_par' dir='ltr' id='par_1_1' title="bbox 761 100 807 169">
     <span class='ocr_line' id='line_1_1' title="bbox 761 100 807 169; baseline 0.022 -1"><span class='ocrx_word' id='word_1_1' title='bbox 761 100 807 169; x_wconf 83' lang='lat'>14</span> 
     </span>
    </p>
   </div>
   <div class='ocr_carea' id='block_1_2' title="bbox 679 199 881 206">
    <p class='ocr_par' dir='ltr' id='par_1_2' title="bbox 679 199 881 206">
     <span class='ocr_line' id='line_1_2' title="bbox 679 199 881 206; baseline 0 0"><span class='ocrx_word' id='word_1_2' title='bbox 679 199 881 206; x_wconf 51' lang='grc' dir='ltr'>--Μ</span> 
     </span>
    </p>
   </div>
   <div class='ocr_carea' id='block_1_3' title="bbox 133 318 1367 1260">
    <p class='ocr_par' dir='ltr' id='par_1_3' title="bbox 201 318 1365 841">
     <span class='ocr_line' id='line_1_3' title="bbox 203 318 1364 421; baseline 0.004 -31"><span class='ocrx_word' id='word_1_3' title='bbox 203 328 267 416; x_wconf 87' lang='grc' dir='ltr'>μοῖ</span> <span class='ocrx_word' id='word_1_4' title='bbox 285 318 389 418; x_wconf 89' lang='grc' dir='ltr'>θέρος</span> <span class='ocrx_word' id='word_1_5' title='bbox 403 318 581 419; x_wconf 84' lang='grc' dir='ltr'>όράται-</span> <span class='ocrx_word' id='word_1_6' title='bbox 590 319 670 392; x_wconf 76' lang='grc' dir='ltr'>οὐδὲ</span> <span class='ocrx_word' id='word_1_7' title='bbox 682 319 751 419; x_wconf 82' lang='grc' dir='ltr'>γάρ</span> <span class='ocrx_word' id='word_1_8' title='bbox 764 319 889 419; x_wconf 91' lang='grc' dir='ltr'>θέρους</span> <span class='ocrx_word' id='word_1_9' title='bbox 902 322 1140 419; x_wconf 73' lang='grc' dir='ltr'>ἐπιγενομένου</span> <span class='ocrx_word' id='word_1_10' title='bbox 1155 319 1284 421; x_wconf 91' lang='grc' dir='ltr'>χειμών</span> <span class='ocrx_word' id='word_1_11' title='bbox 1298 347 1364 396; x_wconf 92' lang='grc' dir='ltr'>που</span> 
     </span>
     <span class='ocr_line' id='line_1_4' title="bbox 201 458 1365 562; baseline 0.003 -31"><span class='ocrx_word' id='word_1_12' title='bbox 201 458 515 560; x_wconf 71' lang='grc' dir='ltr'>περιλειφθήσεται,</span> <span class='ocrx_word' id='word_1_13' title='bbox 534 459 672 558; x_wconf 87' lang='grc' dir='ltr'>θατέρῳ</span> <span class='ocrx_word' id='word_1_14' title='bbox 691 461 729 531; x_wconf 79' lang='grc' dir='ltr'>δέ</span> <span class='ocrx_word' id='word_1_15' title='bbox 746 458 894 560; x_wconf 89' lang='grc' dir='ltr'>θάτερον</span> <span class='ocrx_word' id='word_1_16' title='bbox 905 472 1111 562; x_wconf 89' lang='grc' dir='ltr'>παραχωρεῖ</span> <span class='ocrx_word' id='word_1_17' title='bbox 1120 465 1179 534; x_wconf 81' lang='grc' dir='ltr'>καὶ</span> <span class='ocrx_word' id='word_1_18' title='bbox 1192 459 1365 535; x_wconf 75' lang='grc' dir='ltr'>ἀποκατα-</span> 
     </span>
     <span class='ocr_line' id='line_1_5' title="bbox 201 597 1365 701; baseline 0.003 -31"><span class='ocrx_word' id='word_1_19' title='bbox 201 599 318 690; x_wconf 91' lang='grc' dir='ltr'>κλίνει,</span> <span class='ocrx_word' id='word_1_20' title='bbox 338 597 385 699; x_wconf 79' lang='grc' dir='ltr'>μη</span> <span class='ocrx_word' id='word_1_21' title='bbox 406 599 582 672; x_wconf 82' lang='grc' dir='ltr'>ἀντιτεῖνον</span> <span class='ocrx_word' id='word_1_22' title='bbox 599 598 877 699; x_wconf 78' lang='grc' dir='ltr'>ἤλυμαινόμενον</span> <span class='ocrx_word' id='word_1_23' title='bbox 894 611 941 696; x_wconf 78' lang='grc' dir='ltr'>τῷ</span> <span class='ocrx_word' id='word_1_24' title='bbox 960 603 1069 696; x_wconf 77' lang='grc' dir='ltr'>λοιπῷ</span> <span class='ocrx_word' id='word_1_25' title='bbox 1080 646 1140 694; x_wconf 88' lang='grc'>-,</span> <span class='ocrx_word' id='word_1_26' title='bbox 1152 605 1200 690; x_wconf 92' lang='grc' dir='ltr'>τίς</span> <span class='ocrx_word' id='word_1_27' title='bbox 1213 599 1267 701; x_wconf 76' lang='grc' dir='ltr'>ἦν,</span> <span class='ocrx_word' id='word_1_28' title='bbox 1285 599 1365 700; x_wconf 82' lang='grc' dir='ltr'>φης,</span> 
     </span>
     <span class='ocr_line' id='line_1_6' title="bbox 201 731 1363 841; baseline 0.005 -33"><span class='ocrx_word' id='word_1_29' title='bbox 201 735 339 837; x_wconf 81' lang='grc' dir='ltr'>ἀνάγκη</span> <span class='ocrx_word' id='word_1_30' title='bbox 354 740 414 810; x_wconf 82' lang='grc' dir='ltr'>καί</span> <span class='ocrx_word' id='word_1_31' title='bbox 429 739 490 838; x_wconf 84' lang='grc' dir='ltr'>ἐαρ</span> <span class='ocrx_word' id='word_1_32' title='bbox 504 736 617 826; x_wconf 79' lang='grc' dir='ltr'>αὐτοῖς</span> <span class='ocrx_word' id='word_1_33' title='bbox 629 739 956 840; x_wconf 79' lang='grc' dir='ltr'>παρεμβεβλησθαι;</span> <span class='ocrx_word' id='word_1_34' title='bbox 990 739 1069 813; x_wconf 77' lang='grc' dir='ltr'>οὐδὲ</span> <span class='ocrx_word' id='word_1_35' title='bbox 1082 731 1151 840; x_wconf 86' lang='grc' dir='ltr'>γάρ</span> <span class='ocrx_word' id='word_1_36' title='bbox 1165 741 1260 841; x_wconf 88' lang='grc' dir='ltr'>παρά</span> <span class='ocrx_word' id='word_1_37' title='bbox 1271 739 1363 814; x_wconf 74' lang='grc' dir='ltr'>τοῦτ’</span> 
     </span>
    </p>

    <p class='ocr_par' dir='ltr' id='par_1_4' title="bbox 133 875 1367 1260">
     <span class='ocr_line' id='line_1_7' title="bbox 133 875 803 978; baseline 0.007 -33"><span class='ocrx_word' id='word_1_38' title='bbox 133 891 149 944; x_wconf 89' lang='grc'>5</span> <span class='ocrx_word' id='word_1_39' title='bbox 201 877 242 949; x_wconf 88' lang='grc' dir='ltr'>ἀν</span> <span class='ocrx_word' id='word_1_40' title='bbox 258 889 374 977; x_wconf 90' lang='grc' dir='ltr'>χεῖρον</span> <span class='ocrx_word' id='word_1_41' title='bbox 392 875 411 949; x_wconf 87' lang='grc' dir='ltr'>ό</span> <span class='ocrx_word' id='word_1_42' title='bbox 429 875 558 976; x_wconf 88' lang='grc' dir='ltr'>κόσμος</span> <span class='ocrx_word' id='word_1_43' title='bbox 576 877 803 978; x_wconf 79' lang='grc' dir='ltr'>ᾠκονομήθη.</span> 
     </span>
     <span class='ocr_line' id='line_1_8' title="bbox 300 1015 1367 1120; baseline 0.005 -31"><span class='ocrx_word' id='word_1_44' title='bbox 300 1015 424 1090; x_wconf 82' lang='grc' dir='ltr'>Ὁπότε</span> <span class='ocrx_word' id='word_1_45' title='bbox 442 1027 527 1117; x_wconf 84' lang='grc' dir='ltr'>γαῖν</span> <span class='ocrx_word' id='word_1_46' title='bbox 543 1016 672 1118; x_wconf 87' lang='grc' dir='ltr'>χειμών</span> <span class='ocrx_word' id='word_1_47' title='bbox 691 1021 751 1116; x_wconf 78' lang='grc' dir='ltr'>μὲν</span> <span class='ocrx_word' id='word_1_48' title='bbox 769 1017 957 1118; x_wconf 91' lang='grc' dir='ltr'>ἀναγκαῖος</span> <span class='ocrx_word' id='word_1_49' title='bbox 980 1018 1177 1120; x_wconf 78' lang='grc' dir='ltr'>ἀπεδείχθη</span> <span class='ocrx_word' id='word_1_50' title='bbox 1202 1029 1250 1116; x_wconf 78' lang='grc' dir='ltr'>τῷ</span> <span class='ocrx_word' id='word_1_51' title='bbox 1261 1024 1367 1094; x_wconf 84' lang='grc' dir='ltr'>παντὶ</span> 
     </span>
     <span class='ocr_line' id='line_1_9' title="bbox 201 1154 1365 1260; baseline 0.003 -32"><span class='ocrx_word' id='word_1_52' title='bbox 201 1159 260 1228; x_wconf 83' lang='grc' dir='ltr'>καί</span> <span class='ocrx_word' id='word_1_53' title='bbox 275 1154 548 1256; x_wconf 83' lang='grc' dir='ltr'>ὠφελιμώτατος,</span> <span class='ocrx_word' id='word_1_54' title='bbox 562 1157 688 1257; x_wconf 76' lang='grc' dir='ltr'>ἥκιστα</span> <span class='ocrx_word' id='word_1_55' title='bbox 702 1156 791 1232; x_wconf 81' lang='grc' dir='ltr'>δὲτὸ</span> <span class='ocrx_word' id='word_1_56' title='bbox 807 1160 867 1258; x_wconf 85' lang='grc' dir='ltr'>ἐαρ</span> <span class='ocrx_word' id='word_1_57' title='bbox 880 1167 1041 1251; x_wconf 77' lang='grc' dir='ltr'>τοιοῦτον,</span> <span class='ocrx_word' id='word_1_58' title='bbox 1057 1170 1196 1234; x_wconf 83' lang='grc' dir='ltr'>σκοπεῖν</span> <span class='ocrx_word' id='word_1_59' title='bbox 1209 1163 1365 1260; x_wconf 80' lang='grc' dir='ltr'>παρίημι,</span> 
     </span>
    </p>
   </div>
   <div class='ocr_carea' id='block_1_4' title="bbox 201 1280 1366 1398">
    <p class='ocr_par' dir='ltr' id='par_1_5' title="bbox 201 1280 1366 1398">
     <span class='ocr_line' id='line_1_10' title="bbox 201 1280 1366 1398; baseline 0.004 -31"><span class='ocrx_word' id='word_1_60' title='bbox 201 1280 297 1391; x_wconf 87' lang='grc' dir='ltr'>πόσῳ</span> <span class='ocrx_word' id='word_1_61' title='bbox 315 1294 436 1369; x_wconf 78' lang='grc' dir='ltr'>τούτου</span> <span class='ocrx_word' id='word_1_62' title='bbox 462 1299 590 1385; x_wconf 87' lang='grc' dir='ltr'>ἐκεῖνος</span> <span class='ocrx_word' id='word_1_63' title='bbox 611 1294 796 1397; x_wconf 79' lang='grc' dir='ltr'>ἀπερτερεῖ.</span> <span class='ocrx_word' id='word_1_64' title='bbox 834 1300 894 1370; x_wconf 86' lang='grc' dir='ltr'>καὶ</span> <span class='ocrx_word' id='word_1_65' title='bbox 920 1297 1009 1370; x_wconf 85' lang='grc' dir='ltr'>οότω</span> <span class='ocrx_word' id='word_1_66' title='bbox 1028 1301 1088 1396; x_wconf 80' lang='grc' dir='ltr'>μὲν</span> <span class='ocrx_word' id='word_1_67' title='bbox 1105 1308 1272 1398; x_wconf 83' lang='grc' dir='ltr'>χειμῶνος</span> <span class='ocrx_word' id='word_1_68' title='bbox 1288 1299 1366 1372; x_wconf 91' lang='grc' dir='ltr'>τόδε</span> 
     </span>
    </p>
   </div>
   <div class='ocr_carea' id='block_1_5' title="bbox 83 1433 1434 4468">
    <p class='ocr_par' dir='ltr' id='par_1_6' title="bbox 83 1433 1434 4468">
     <span class='ocr_line' id='line_1_11' title="bbox 83 1433 1368 1539; baseline 0.004 -31"><span class='ocrx_word' id='word_1_69' title='bbox 83 1448 84 1452; x_wconf 76' lang='grc'>’</span> <span class='ocrx_word' id='word_1_70' title='bbox 201 1434 239 1508; x_wconf 86' lang='grc' dir='ltr'>τδ</span> <span class='ocrx_word' id='word_1_71' title='bbox 254 1433 392 1533; x_wconf 76' lang='grc' dir='ltr'>σύμπαν</span> <span class='ocrx_word' id='word_1_72' title='bbox 411 1434 580 1509; x_wconf 91' lang='grc' dir='ltr'>ἀπώνατο.</span> <span class='ocrx_word' id='word_1_73' title='bbox 617 1448 686 1525; x_wconf 91' lang='grc' dir='ltr'>τοῖς</span> <span class='ocrx_word' id='word_1_74' title='bbox 710 1437 783 1510; x_wconf 85' lang='grc' dir='ltr'>δ’ἐν</span> <span class='ocrx_word' id='word_1_75' title='bbox 806 1436 899 1532; x_wconf 74' lang='grc' dir='ltr'>αὐτῷ</span> <span class='ocrx_word' id='word_1_76' title='bbox 924 1438 1150 1537; x_wconf 80' lang='grc' dir='ltr'>διαιτωμένοις</span> <span class='ocrx_word' id='word_1_77' title='bbox 1174 1437 1368 1539; x_wconf 92' lang='grc' dir='ltr'>ἀνθρώποις</span> 
     </span>
     <span class='ocr_line' id='line_1_12' title="bbox 135 1574 1365 1678; baseline 0.003 -30"><span class='ocrx_word' id='word_1_78' title='bbox 135 1595 168 1648; x_wconf 87' lang='lat'>10</span> <span class='ocrx_word' id='word_1_79' title='bbox 202 1574 417 1676; x_wconf 90' lang='grc' dir='ltr'>ἀπρόσφορος</span> <span class='ocrx_word' id='word_1_80' title='bbox 435 1576 533 1664; x_wconf 86' lang='grc' dir='ltr'>οότος</span> <span class='ocrx_word' id='word_1_81' title='bbox 551 1576 656 1676; x_wconf 85' lang='grc' dir='ltr'>ώφθη</span> <span class='ocrx_word' id='word_1_82' title='bbox 675 1579 735 1649; x_wconf 83' lang='grc' dir='ltr'>καί</span> <span class='ocrx_word' id='word_1_83' title='bbox 753 1575 1019 1678; x_wconf 79' lang='grc' dir='ltr'>ἀκατάλληλος,</span> <span class='ocrx_word' id='word_1_84' title='bbox 1040 1579 1064 1678; x_wconf 73' lang='grc' dir='ltr'><em>ἢ</em></span> <span class='ocrx_word' id='word_1_85' title='bbox 1083 1577 1276 1678; x_wconf 91' lang='grc' dir='ltr'>πρόσφορος</span> <span class='ocrx_word' id='word_1_86' title='bbox 1294 1582 1365 1678; x_wconf 90' lang='grc' dir='ltr'>μέν,</span> 
     </span>
     <span class='ocr_line' id='line_1_13' title="bbox 201 1715 1365 1818; baseline 0.003 -30"><span class='ocrx_word' id='word_1_87' title='bbox 201 1716 241 1789; x_wconf 82' lang='grc' dir='ltr'>αι’)</span> <span class='ocrx_word' id='word_1_88' title='bbox 264 1724 347 1788; x_wconf 85' lang='grc' dir='ltr'>πάσι</span> <span class='ocrx_word' id='word_1_89' title='bbox 366 1717 421 1787; x_wconf 87' lang='grc' dir='ltr'>δέ·</span> <span class='ocrx_word' id='word_1_90' title='bbox 440 1717 464 1816; x_wconf 76' lang='grc' dir='ltr'><em>ἢ</em></span> <span class='ocrx_word' id='word_1_91' title='bbox 484 1725 568 1789; x_wconf 90' lang='grc' dir='ltr'>πάσι</span> <span class='ocrx_word' id='word_1_92' title='bbox 587 1718 657 1814; x_wconf 87' lang='grc' dir='ltr'>μέν,</span> <span class='ocrx_word' id='word_1_93' title='bbox 677 1715 758 1788; x_wconf 79' lang='grc' dir='ltr'>ἀλλ’</span> <span class='ocrx_word' id='word_1_94' title='bbox 780 1715 848 1816; x_wconf 83' lang='grc' dir='ltr'>οάχ</span> <span class='ocrx_word' id='word_1_95' title='bbox 866 1717 930 1790; x_wconf 88' lang='grc' dir='ltr'>όσα</span> <span class='ocrx_word' id='word_1_96' title='bbox 949 1720 1028 1816; x_wconf 83' lang='grc' dir='ltr'>ἐτη·</span> <span class='ocrx_word' id='word_1_97' title='bbox 1056 1719 1079 1817; x_wconf 73' lang='grc' dir='ltr'><em>ἢ</em></span> <span class='ocrx_word' id='word_1_98' title='bbox 1099 1721 1274 1791; x_wconf 76' lang='grc' dir='ltr'>καὶτοῦτο</span> <span class='ocrx_word' id='word_1_99' title='bbox 1294 1722 1365 1818; x_wconf 90' lang='grc' dir='ltr'>μέν,</span> 
     </span>
     <span class='ocr_line' id='line_1_14' title="bbox 202 1854 1367 1957; baseline 0.003 -31"><span class='ocrx_word' id='word_1_100' title='bbox 202 1859 275 1954; x_wconf 81' lang='grc' dir='ltr'>ἔχει</span> <span class='ocrx_word' id='word_1_101' title='bbox 293 1856 330 1926; x_wconf 84' lang='grc' dir='ltr'>δὲ</span> <span class='ocrx_word' id='word_1_102' title='bbox 348 1857 408 1928; x_wconf 94' lang='grc' dir='ltr'>καί</span> <span class='ocrx_word' id='word_1_103' title='bbox 428 1881 458 1927; x_wconf 89' lang='grc' dir='ltr'>τι</span> <span class='ocrx_word' id='word_1_104' title='bbox 475 1854 586 1928; x_wconf 83' lang='grc' dir='ltr'>κακόν</span> <span class='ocrx_word' id='word_1_105' title='bbox 604 1858 639 1928; x_wconf 88' lang='grc' dir='ltr'>ἐν</span> <span class='ocrx_word' id='word_1_106' title='bbox 657 1855 750 1951; x_wconf 75' lang='grc' dir='ltr'>αὐτῷ</span> <span class='ocrx_word' id='word_1_107' title='bbox 774 1855 1040 1956; x_wconf 88' lang='grc' dir='ltr'>παραπεφυκός;</span> <span class='ocrx_word' id='word_1_108' title='bbox 1067 1857 1235 1957; x_wconf 79' lang='grc' dir='ltr'>οὐδαμῶς.</span> <span class='ocrx_word' id='word_1_109' title='bbox 1273 1857 1367 1931; x_wconf 88' lang='grc' dir='ltr'>ἀλλά</span> 
     </span>
     <span class='ocr_line' id='line_1_15' title="bbox 201 1966 1434 2096; baseline 0.004 -30"><span class='ocrx_word' id='word_1_110' title='bbox 201 1997 261 2066; x_wconf 85' lang='grc' dir='ltr'>καί</span> <span class='ocrx_word' id='word_1_111' title='bbox 277 2003 397 2066; x_wconf 77' lang='grc' dir='ltr'>κακῶν</span> <span class='ocrx_word' id='word_1_112' title='bbox 416 1993 545 2093; x_wconf 75' lang='grc' dir='ltr'>ἀμιγὴς</span> <span class='ocrx_word' id='word_1_113' title='bbox 562 1997 633 2087; x_wconf 92' lang='grc' dir='ltr'>καί,</span> <span class='ocrx_word' id='word_1_114' title='bbox 653 1993 772 2083; x_wconf 82' lang='grc' dir='ltr'>ὁσάκις</span> <span class='ocrx_word' id='word_1_115' title='bbox 790 1966 830 2067; x_wconf 87' lang='grc' dir='ltr'>ἀν</span> <span class='ocrx_word' id='word_1_116' title='bbox 849 1998 969 2094; x_wconf 67' lang='grc' dir='ltr'>ἐπιστῇ</span> <span class='ocrx_word' id='word_1_117' title='bbox 986 1999 1292 2096; x_wconf 90' lang='grc' dir='ltr'>περιπορευομένου</span> <span class='ocrx_word' id='word_1_118' title='bbox 1306 2007 1366 2071; x_wconf 79' lang='grc' dir='ltr'>τοῦ</span> <span class='ocrx_word' id='word_1_119' title='bbox 1433 1979 1434 1982; x_wconf 18' lang='lat'>¹</span> 
     </span>
     <span class='ocr_line' id='line_1_16' title="bbox 201 2131 1368 2238; baseline 0.005 -34"><span class='ocrx_word' id='word_1_120' title='bbox 201 2131 345 2233; x_wconf 86' lang='grc' dir='ltr'>χρόνον,</span> <span class='ocrx_word' id='word_1_121' title='bbox 371 2133 648 2222; x_wconf 84' lang='grc' dir='ltr'>λυσιτελέστατος</span> <span class='ocrx_word' id='word_1_122' title='bbox 666 2136 725 2206; x_wconf 84' lang='grc' dir='ltr'>καὶ</span> <span class='ocrx_word' id='word_1_123' title='bbox 743 2133 809 2206; x_wconf 78' lang='grc' dir='ltr'>οὐκ</span> <span class='ocrx_word' id='word_1_124' title='bbox 827 2137 913 2210; x_wconf 86' lang='grc' dir='ltr'>ἐστιν</span> <span class='ocrx_word' id='word_1_125' title='bbox 932 2137 980 2224; x_wconf 80' lang='grc' dir='ltr'>οἷς</span> <span class='ocrx_word' id='word_1_126' title='bbox 996 2144 1063 2208; x_wconf 86' lang='grc' dir='ltr'>τών</span> <span class='ocrx_word' id='word_1_127' title='bbox 1081 2135 1282 2236; x_wconf 72' lang='grc' dir='ltr'>ἁπανταχοῦ</span> <span class='ocrx_word' id='word_1_128' title='bbox 1299 2147 1368 2238; x_wconf 78' lang='grc' dir='ltr'>γῆς</span> 
     </span>
     <span class='ocr_line' id='line_1_17' title="bbox 135 2271 1369 2373; baseline 0.006 -33"><span class='ocrx_word' id='word_1_129' title='bbox 135 2287 167 2340; x_wconf 83' lang='lat'>15</span> <span class='ocrx_word' id='word_1_130' title='bbox 203 2272 242 2345; x_wconf 82' lang='grc' dir='ltr'>οά</span> <span class='ocrx_word' id='word_1_131' title='bbox 266 2276 392 2372; x_wconf 87' lang='grc' dir='ltr'>γίνεται</span> <span class='ocrx_word' id='word_1_132' title='bbox 409 2271 678 2372; x_wconf 81' lang='grc' dir='ltr'>χρησιμώτατος.</span> <span class='ocrx_word' id='word_1_133' title='bbox 716 2273 814 2362; x_wconf 79' lang='grc' dir='ltr'>οὗτος</span> <span class='ocrx_word' id='word_1_134' title='bbox 843 2271 913 2372; x_wconf 89' lang='grc' dir='ltr'>γάρ</span> <span class='ocrx_word' id='word_1_135' title='bbox 945 2272 963 2345; x_wconf 86' lang='grc' dir='ltr'>ό</span> <span class='ocrx_word' id='word_1_136' title='bbox 992 2272 1141 2373; x_wconf 93' lang='grc' dir='ltr'>σώμασιν</span> <span class='ocrx_word' id='word_1_137' title='bbox 1167 2273 1283 2373; x_wconf 78' lang='grc' dir='ltr'>ὑγείαν</span> <span class='ocrx_word' id='word_1_138' title='bbox 1307 2279 1369 2348; x_wconf 83' lang='grc' dir='ltr'>καί</span> 
     </span>
     <span class='ocr_line' id='line_1_18' title="bbox 202 2411 1397 2514; baseline 0 -29"><span class='ocrx_word' id='word_1_139' title='bbox 202 2412 350 2486; x_wconf 73' lang='grc' dir='ltr'>εὐτονίαν</span> <span class='ocrx_word' id='word_1_140' title='bbox 368 2411 596 2512; x_wconf 73' lang='grc' dir='ltr'>δωρούμενος,</span> <span class='ocrx_word' id='word_1_141' title='bbox 623 2412 641 2486; x_wconf 89' lang='grc' dir='ltr'>ό</span> <span class='ocrx_word' id='word_1_142' title='bbox 659 2411 766 2486; x_wconf 92' lang='grc' dir='ltr'>νόσων</span> <span class='ocrx_word' id='word_1_143' title='bbox 785 2411 913 2514; x_wconf 68' lang='grc' dir='ltr'>ἐλατὴρ</span> <span class='ocrx_word' id='word_1_144' title='bbox 933 2413 1008 2486; x_wconf 86' lang='grc' dir='ltr'>ὅσαι</span> <span class='ocrx_word' id='word_1_145' title='bbox 1027 2440 1065 2486; x_wconf 91' lang='grc' dir='ltr'>τε</span> <span class='ocrx_word' id='word_1_146' title='bbox 1083 2417 1183 2514; x_wconf 88' lang='grc' dir='ltr'>ἐαρος</span> <span class='ocrx_word' id='word_1_147' title='bbox 1199 2415 1223 2514; x_wconf 73' lang='grc' dir='ltr'><em>ἢ</em></span> <span class='ocrx_word' id='word_1_148' title='bbox 1242 2412 1367 2513; x_wconf 90' lang='grc' dir='ltr'>θέρους</span> <span class='ocrx_word' id='word_1_149' title='bbox 1396 2463 1397 2468; x_wconf 38' lang='lat'>1</span> 
     </span>
     <span class='ocr_line' id='line_1_19' title="bbox 202 2550 1364 2653; baseline 0.002 -29"><span class='ocrx_word' id='word_1_150' title='bbox 202 2553 226 2652; x_wconf 75' lang='grc' dir='ltr'><em>ἢ</em></span> <span class='ocrx_word' id='word_1_151' title='bbox 253 2550 471 2652; x_wconf 82' lang='grc' dir='ltr'>φθινοπώρου</span> <span class='ocrx_word' id='word_1_152' title='bbox 497 2552 691 2652; x_wconf 81' lang='grc' dir='ltr'>ἐνέσκηψαν</span> <span class='ocrx_word' id='word_1_153' title='bbox 714 2556 774 2625; x_wconf 83' lang='grc' dir='ltr'>καί</span> <span class='ocrx_word' id='word_1_154' title='bbox 798 2553 873 2626; x_wconf 90' lang='grc' dir='ltr'>όσαι</span> <span class='ocrx_word' id='word_1_155' title='bbox 896 2555 1100 2653; x_wconf 83' lang='grc' dir='ltr'>προσβαλεῖν</span> <span class='ocrx_word' id='word_1_156' title='bbox 1124 2552 1364 2652; x_wconf 79' lang='grc' dir='ltr'>ἀπεφαίνοντο·</span> 
     </span>
     <span class='ocr_line' id='line_1_20' title="bbox 203 2690 1369 2793; baseline 0.002 -29"><span class='ocrx_word' id='word_1_157' title='bbox 203 2695 237 2764; x_wconf 87' lang='grc' dir='ltr'>ἐν</span> <span class='ocrx_word' id='word_1_158' title='bbox 261 2690 369 2788; x_wconf 86' lang='grc' dir='ltr'>τοότιμ</span> <span class='ocrx_word' id='word_1_159' title='bbox 393 2691 462 2791; x_wconf 87' lang='grc' dir='ltr'>γάρ</span> <span class='ocrx_word' id='word_1_160' title='bbox 487 2691 526 2764; x_wconf 88' lang='grc' dir='ltr'>τό</span> <span class='ocrx_word' id='word_1_161' title='bbox 553 2695 588 2765; x_wconf 88' lang='grc' dir='ltr'>ἐν</span> <span class='ocrx_word' id='word_1_162' title='bbox 612 2703 656 2792; x_wconf 77' lang='grc' dir='ltr'>τη</span> <span class='ocrx_word' id='word_1_163' title='bbox 675 2691 773 2792; x_wconf 81' lang='grc' dir='ltr'>φύσει</span> <span class='ocrx_word' id='word_1_164' title='bbox 792 2703 852 2766; x_wconf 78' lang='grc' dir='ltr'>τοῦ</span> <span class='ocrx_word' id='word_1_165' title='bbox 875 2691 965 2782; x_wconf 82' lang='grc' dir='ltr'>ζώου</span> <span class='ocrx_word' id='word_1_166' title='bbox 988 2693 1118 2792; x_wconf 83' lang='grc' dir='ltr'>θερμόν</span> <span class='ocrx_word' id='word_1_167' title='bbox 1136 2696 1215 2766; x_wconf 82' lang='grc' dir='ltr'>ε’ίσω</span> <span class='ocrx_word' id='word_1_168' title='bbox 1230 2719 1268 2766; x_wconf 92' lang='grc' dir='ltr'>τε</span> <span class='ocrx_word' id='word_1_169' title='bbox 1284 2692 1369 2793; x_wconf 86' lang='grc' dir='ltr'>πρὸς</span> 
     </span>
     <span class='ocr_line' id='line_1_21' title="bbox 203 2830 1369 2932; baseline 0.002 -30"><span class='ocrx_word' id='word_1_170' title='bbox 203 2830 302 2904; x_wconf 80' lang='grc' dir='ltr'>ἑαυτό</span> <span class='ocrx_word' id='word_1_171' title='bbox 322 2833 520 2930; x_wconf 81' lang='grc' dir='ltr'>ἐπιστρέφον</span> <span class='ocrx_word' id='word_1_172' title='bbox 537 2834 597 2904; x_wconf 80' lang='grc' dir='ltr'>καί</span> <span class='ocrx_word' id='word_1_173' title='bbox 614 2831 676 2932; x_wconf 76' lang='grc' dir='ltr'>την</span> <span class='ocrx_word' id='word_1_174' title='bbox 701 2831 793 2920; x_wconf 84' lang='grc' dir='ltr'>ἐντὸς</span> <span class='ocrx_word' id='word_1_175' title='bbox 820 2835 1012 2932; x_wconf 83' lang='grc' dir='ltr'>οἰκονομίαν</span> <span class='ocrx_word' id='word_1_176' title='bbox 1035 2832 1120 2932; x_wconf 78' lang='grc' dir='ltr'>πρὸς</span> <span class='ocrx_word' id='word_1_177' title='bbox 1140 2832 1179 2906; x_wconf 81' lang='grc' dir='ltr'>τό</span> <span class='ocrx_word' id='word_1_178' title='bbox 1198 2834 1369 2932; x_wconf 89' lang='grc' dir='ltr'>βέλτιστον</span> 
     </span>
     <span class='ocr_line' id='line_1_22' title="bbox 135 2967 1369 3073; baseline 0.002 -31"><span class='ocrx_word' id='word_1_179' title='bbox 135 2989 169 3042; x_wconf 83' lang='lat'>20</span> <span class='ocrx_word' id='word_1_180' title='bbox 201 2969 350 3071; x_wconf 80' lang='grc' dir='ltr'>χειρίζον</span> <span class='ocrx_word' id='word_1_181' title='bbox 373 2973 433 3042; x_wconf 81' lang='grc' dir='ltr'>καὶ</span> <span class='ocrx_word' id='word_1_182' title='bbox 458 2967 625 3070; x_wconf 81' lang='grc' dir='ltr'>διεξάγον.</span> <span class='ocrx_word' id='word_1_183' title='bbox 672 2973 727 3043; x_wconf 90' lang='grc' dir='ltr'>οία</span> <span class='ocrx_word' id='word_1_184' title='bbox 758 2970 800 3071; x_wconf 80' lang='grc' dir='ltr'>δη</span> <span class='ocrx_word' id='word_1_185' title='bbox 825 2970 864 3044; x_wconf 88' lang='grc' dir='ltr'>τδ</span> <span class='ocrx_word' id='word_1_186' title='bbox 888 2981 955 3044; x_wconf 84' lang='grc' dir='ltr'>τών</span> <span class='ocrx_word' id='word_1_187' title='bbox 980 2973 1070 3045; x_wconf 90' lang='grc' dir='ltr'>όλων</span> <span class='ocrx_word' id='word_1_188' title='bbox 1095 2981 1199 3073; x_wconf 80' lang='grc' dir='ltr'>κῦρος</span> <span class='ocrx_word' id='word_1_189' title='bbox 1222 2971 1369 3045; x_wconf 82' lang='grc' dir='ltr'>ἑκόντων</span> 
     </span>
     <span class='ocr_line' id='line_1_23' title="bbox 201 3108 1370 3212; baseline 0.002 -30"><span class='ocrx_word' id='word_1_190' title='bbox 201 3108 510 3210; x_wconf 82' lang='grc' dir='ltr'>παρειληφδςοίίτέ</span> <span class='ocrx_word' id='word_1_191' title='bbox 527 3135 588 3182; x_wconf 90' lang='grc' dir='ltr'>τινι</span> <span class='ocrx_word' id='word_1_192' title='bbox 604 3118 671 3181; x_wconf 86' lang='grc' dir='ltr'>τών</span> <span class='ocrx_word' id='word_1_193' title='bbox 696 3108 826 3198; x_wconf 80' lang='grc' dir='ltr'>ἔξωθεν</span> <span class='ocrx_word' id='word_1_194' title='bbox 852 3113 1033 3183; x_wconf 81' lang='grc' dir='ltr'>εἰσπίπτειν</span> <span class='ocrx_word' id='word_1_195' title='bbox 1057 3114 1188 3212; x_wconf 87' lang='grc' dir='ltr'>ἐφίησι·</span> <span class='ocrx_word' id='word_1_196' title='bbox 1215 3115 1276 3184; x_wconf 82' lang='grc' dir='ltr'>καί</span> <span class='ocrx_word' id='word_1_197' title='bbox 1293 3115 1323 3185; x_wconf 81' lang='grc' dir='ltr'>εί</span> <span class='ocrx_word' id='word_1_198' title='bbox 1339 3137 1370 3184; x_wconf 91' lang='grc' dir='ltr'>τι</span> 
     </span>
     <span class='ocr_line' id='line_1_24' title="bbox 204 3247 1368 3350; baseline 0.003 -28"><span class='ocrx_word' id='word_1_199' title='bbox 204 3251 355 3349; x_wconf 78' lang='grc' dir='ltr'>φλαῦρον</span> <span class='ocrx_word' id='word_1_200' title='bbox 374 3247 513 3321; x_wconf 85' lang='grc' dir='ltr'>ἐνδοθεν</span> <span class='ocrx_word' id='word_1_201' title='bbox 531 3247 576 3336; x_wconf 87' lang='grc' dir='ltr'>ώς</span> <span class='ocrx_word' id='word_1_202' title='bbox 594 3251 630 3321; x_wconf 86' lang='grc' dir='ltr'>ἐν</span> <span class='ocrx_word' id='word_1_203' title='bbox 646 3247 746 3322; x_wconf 89' lang='grc' dir='ltr'>πόλει</span> <span class='ocrx_word' id='word_1_204' title='bbox 763 3253 913 3349; x_wconf 84' lang='grc' dir='ltr'>τυραννίς</span> <span class='ocrx_word' id='word_1_205' title='bbox 930 3249 1122 3350; x_wconf 71' lang='grc' dir='ltr'>ἀναφυῆναι</span> <span class='ocrx_word' id='word_1_206' title='bbox 1141 3251 1274 3324; x_wconf 92' lang='grc' dir='ltr'>δίδωσιν</span> <span class='ocrx_word' id='word_1_207' title='bbox 1287 3250 1368 3325; x_wconf 81' lang='grc' dir='ltr'>ἀπο-</span> 
     </span>
     <span class='ocr_line' id='line_1_25' title="bbox 205 3386 1370 3489; baseline 0.002 -29"><span class='ocrx_word' id='word_1_208' title='bbox 205 3389 301 3487; x_wconf 80' lang='grc' dir='ltr'>ψίαν,</span> <span class='ocrx_word' id='word_1_209' title='bbox 327 3386 651 3487; x_wconf 86' lang='grc' dir='ltr'>προκαταλαμβάνει</span> <span class='ocrx_word' id='word_1_210' title='bbox 667 3397 715 3483; x_wconf 81' lang='grc' dir='ltr'>τῷ</span> <span class='ocrx_word' id='word_1_211' title='bbox 728 3413 766 3461; x_wconf 89' lang='grc' dir='ltr'>τε</span> <span class='ocrx_word' id='word_1_212' title='bbox 784 3387 952 3462; x_wconf 85' lang='grc' dir='ltr'>δόνασθαι</span> <span class='ocrx_word' id='word_1_213' title='bbox 970 3392 1030 3461; x_wconf 83' lang='grc' dir='ltr'>καί</span> <span class='ocrx_word' id='word_1_214' title='bbox 1046 3399 1147 3462; x_wconf 86' lang='grc' dir='ltr'>πᾶσιν</span> <span class='ocrx_word' id='word_1_215' title='bbox 1165 3388 1370 3489; x_wconf 85' lang='grc' dir='ltr'>ἐφίστασθαι</span> 
     </span>
     <span class='ocr_line' id='line_1_26' title="bbox 204 3517 1370 3630; baseline 0.003 -31"><span class='ocrx_word' id='word_1_216' title='bbox 204 3531 264 3600; x_wconf 84' lang='grc' dir='ltr'>καὶ</span> <span class='ocrx_word' id='word_1_217' title='bbox 282 3525 428 3600; x_wconf 74' lang='grc' dir='ltr'>διαλύειν</span> <span class='ocrx_word' id='word_1_218' title='bbox 445 3527 507 3626; x_wconf 82' lang='grc' dir='ltr'>την</span> <span class='ocrx_word' id='word_1_219' title='bbox 531 3527 623 3600; x_wconf 84' lang='grc' dir='ltr'>κατά</span> <span class='ocrx_word' id='word_1_220' title='bbox 646 3537 709 3628; x_wconf 78' lang='grc' dir='ltr'>της</span> <span class='ocrx_word' id='word_1_221' title='bbox 731 3538 791 3601; x_wconf 79' lang='grc' dir='ltr'>τοῦ</span> <span class='ocrx_word' id='word_1_222' title='bbox 818 3517 908 3618; x_wconf 82' lang='grc' dir='ltr'>ζώου</span> <span class='ocrx_word' id='word_1_223' title='bbox 932 3529 1105 3616; x_wconf 88' lang='grc' dir='ltr'>πολιτείας</span> <span class='ocrx_word' id='word_1_224' title='bbox 1129 3532 1370 3630; x_wconf 85' lang='grc' dir='ltr'>συνισταμένην</span> 
     </span>
     <span class='ocr_line' id='line_1_27' title="bbox 136 3667 1368 3769; baseline -0.002 -26"><span class='ocrx_word' id='word_1_225' title='bbox 136 3690 170 3743; x_wconf 85' lang='lat'>25</span> <span class='ocrx_word' id='word_1_226' title='bbox 205 3670 424 3765; x_wconf 89' lang='grc' dir='ltr'>συνωμοσίαν.</span> <span class='ocrx_word' id='word_1_227' title='bbox 462 3669 497 3738; x_wconf 86' lang='grc' dir='ltr'>ἐν</span> <span class='ocrx_word' id='word_1_228' title='bbox 515 3669 588 3766; x_wconf 83' lang='grc' dir='ltr'>ἐἀρι</span> <span class='ocrx_word' id='word_1_229' title='bbox 608 3667 645 3739; x_wconf 84' lang='grc' dir='ltr'>δὲ</span> <span class='ocrx_word' id='word_1_230' title='bbox 661 3677 729 3740; x_wconf 85' lang='grc' dir='ltr'>πᾶν</span> <span class='ocrx_word' id='word_1_231' title='bbox 748 3667 882 3765; x_wconf 86' lang='grc' dir='ltr'>ἀπαντᾷ</span> <span class='ocrx_word' id='word_1_232' title='bbox 899 3668 1098 3741; x_wconf 76' lang='grc' dir='ltr'>τούναντίον·</span> <span class='ocrx_word' id='word_1_233' title='bbox 1120 3669 1219 3758; x_wconf 78' lang='grc' dir='ltr'>ἔξεισι</span> <span class='ocrx_word' id='word_1_234' title='bbox 1233 3667 1368 3769; x_wconf 84' lang='grc' dir='ltr'>μὲνγάρ</span> 
     </span>
     <span class='ocr_line' id='line_1_28' title="bbox 204 3804 1370 3908; baseline 0.002 -30"><span class='ocrx_word' id='word_1_235' title='bbox 204 3809 280 3905; x_wconf 86' lang='grc' dir='ltr'>περί</span> <span class='ocrx_word' id='word_1_236' title='bbox 297 3805 340 3877; x_wconf 84' lang='grc' dir='ltr'>τά</span> <span class='ocrx_word' id='word_1_237' title='bbox 357 3805 422 3894; x_wconf 82' lang='grc' dir='ltr'>ἐξω</span> <span class='ocrx_word' id='word_1_238' title='bbox 440 3804 517 3878; x_wconf 93' lang='grc' dir='ltr'>τότε</span> <span class='ocrx_word' id='word_1_239' title='bbox 535 3805 755 3906; x_wconf 87' lang='grc' dir='ltr'>διαχεόμενον</span> <span class='ocrx_word' id='word_1_240' title='bbox 773 3816 872 3880; x_wconf 80' lang='grc' dir='ltr'>τοῦτο</span> <span class='ocrx_word' id='word_1_241' title='bbox 892 3806 934 3906; x_wconf 79' lang='grc' dir='ltr'>δη</span> <span class='ocrx_word' id='word_1_242' title='bbox 953 3806 991 3880; x_wconf 84' lang='grc' dir='ltr'>τό</span> <span class='ocrx_word' id='word_1_243' title='bbox 1006 3807 1148 3908; x_wconf 91' lang='grc' dir='ltr'>θερμόν,</span> <span class='ocrx_word' id='word_1_244' title='bbox 1166 3819 1229 3908; x_wconf 76' lang='grc' dir='ltr'>τῆς</span> <span class='ocrx_word' id='word_1_245' title='bbox 1241 3833 1370 3908; x_wconf 93' lang='grc' dir='ltr'>προση-</span> 
     </span>
     <span class='ocr_line' id='line_1_29' title="bbox 205 3945 1369 4049; baseline 0.002 -31"><span class='ocrx_word' id='word_1_246' title='bbox 205 3945 335 4046; x_wconf 88' lang='grc' dir='ltr'>κοόσης</span> <span class='ocrx_word' id='word_1_247' title='bbox 362 3946 454 4041; x_wconf 74' lang='grc' dir='ltr'>αὐτῷ</span> <span class='ocrx_word' id='word_1_248' title='bbox 480 3947 692 4046; x_wconf 92' lang='grc' dir='ltr'>λειτουργίας</span> <span class='ocrx_word' id='word_1_249' title='bbox 718 3946 988 4047; x_wconf 83' lang='grc' dir='ltr'>ἐπιλαθόμενον,</span> <span class='ocrx_word' id='word_1_250' title='bbox 1030 3950 1177 4049; x_wconf 80' lang='grc' dir='ltr'>εἰσπηδᾷ</span> <span class='ocrx_word' id='word_1_251' title='bbox 1210 3947 1240 4020; x_wconf 82' lang='grc' dir='ltr'>δ’</span> <span class='ocrx_word' id='word_1_252' title='bbox 1253 3949 1300 4036; x_wconf 88' lang='grc' dir='ltr'>είς</span> <span class='ocrx_word' id='word_1_253' title='bbox 1331 3947 1369 4020; x_wconf 82' lang='grc' dir='ltr'>τό</span> 
     </span>
     <span class='ocr_line' id='line_1_30' title="bbox 205 4084 1371 4188; baseline 0.002 -30"><span class='ocrx_word' id='word_1_254' title='bbox 205 4085 294 4175; x_wconf 79' lang='grc' dir='ltr'>ζώον</span> <span class='ocrx_word' id='word_1_255' title='bbox 310 4084 349 4158; x_wconf 84' lang='grc' dir='ltr'>τὸ</span> <span class='ocrx_word' id='word_1_256' title='bbox 366 4085 482 4174; x_wconf 91' lang='grc' dir='ltr'>πάθος</span> <span class='ocrx_word' id='word_1_257' title='bbox 499 4086 590 4158; x_wconf 90' lang='grc' dir='ltr'>κατά</span> <span class='ocrx_word' id='word_1_258' title='bbox 607 4086 744 4187; x_wconf 76' lang='grc' dir='ltr'>πολλὴν</span> <span class='ocrx_word' id='word_1_259' title='bbox 761 4096 820 4161; x_wconf 78' lang='grc' dir='ltr'>τοῦ</span> <span class='ocrx_word' id='word_1_260' title='bbox 838 4087 1032 4178; x_wconf 86' lang='grc' dir='ltr'>κωλόοντος</span> <span class='ocrx_word' id='word_1_261' title='bbox 1049 4091 1208 4188; x_wconf 87' lang='grc' dir='ltr'>ἐρημίαν·</span> <span class='ocrx_word' id='word_1_262' title='bbox 1229 4085 1275 4176; x_wconf 88' lang='grc' dir='ltr'>ώς</span> <span class='ocrx_word' id='word_1_263' title='bbox 1284 4090 1371 4176; x_wconf 82' lang='grc' dir='ltr'>εἴτις</span> 
     </span>
     <span class='ocr_line' id='line_1_31' title="bbox 205 4224 1370 4330; baseline 0.002 -32"><span class='ocrx_word' id='word_1_264' title='bbox 205 4224 360 4325; x_wconf 80' lang='grc' dir='ltr'>ἐξάρχων</span> <span class='ocrx_word' id='word_1_265' title='bbox 395 4224 569 4324; x_wconf 90' lang='grc' dir='ltr'>δυνάμεως</span> <span class='ocrx_word' id='word_1_266' title='bbox 600 4229 635 4298; x_wconf 86' lang='grc' dir='ltr'>ἐν</span> <span class='ocrx_word' id='word_1_267' title='bbox 666 4225 914 4324; x_wconf 90' lang='grc' dir='ltr'>δυσφυλάκτοις</span> <span class='ocrx_word' id='word_1_268' title='bbox 943 4233 1081 4330; x_wconf 89' lang='grc' dir='ltr'>χωρίοις</span> <span class='ocrx_word' id='word_1_269' title='bbox 1110 4228 1370 4330; x_wconf 87' lang='grc' dir='ltr'>ἐστρατοπεδευ-</span> 
     </span>
     <span class='ocr_line' id='line_1_32' title="bbox 138 4363 1371 4468; baseline 0.002 -33"><span class='ocrx_word' id='word_1_270' title='bbox 138 4369 173 4422; x_wconf 86' lang='grc'>30</span> <span class='ocrx_word' id='word_1_271' title='bbox 208 4366 305 4462; x_wconf 84' lang='grc' dir='ltr'>μένος</span> <span class='ocrx_word' id='word_1_272' title='bbox 321 4363 384 4464; x_wconf 77' lang='grc' dir='ltr'>τὴν</span> <span class='ocrx_word' id='word_1_273' title='bbox 402 4365 558 4464; x_wconf 81' lang='grc' dir='ltr'>στρατιάν</span> <span class='ocrx_word' id='word_1_274' title='bbox 577 4364 680 4438; x_wconf 78' lang='grc' dir='ltr'>αὐτοῦ</span> <span class='ocrx_word' id='word_1_275' title='bbox 698 4367 911 4464; x_wconf 78' lang='grc' dir='ltr'>καταλείψας</span> <span class='ocrx_word' id='word_1_276' title='bbox 927 4371 1003 4467; x_wconf 81' lang='grc' dir='ltr'>περὶ</span> <span class='ocrx_word' id='word_1_277' title='bbox 1020 4367 1155 4468; x_wconf 86' lang='grc' dir='ltr'>θέατρα</span> <span class='ocrx_word' id='word_1_278' title='bbox 1170 4373 1230 4442; x_wconf 83' lang='grc' dir='ltr'>καὶ</span> <span class='ocrx_word' id='word_1_279' title='bbox 1243 4366 1371 4466; x_wconf 87' lang='grc' dir='ltr'>λουτρά</span> 
     </span>
    </p>
   </div>
   <div class='ocr_carea' id='block_1_6' title="bbox 0 0 1541 4724">
    <p class='ocr_par' dir='ltr' id='par_1_7' title="bbox 0 0 1541 4724">
     <span class='ocr_line' id='line_1_33' title="bbox 0 0 1541 4724; baseline 0 0"><span class='ocrx_word' id='word_1_280' title='bbox 0 0 1541 4724; x_wconf 95' lang='lat' dir='ltr'> </span> 
     </span>
    </p>
   </div>
  </div>
 </body>
</html>
