3040 4734
752 85 825 153 x12

222 299 349 400 ταύτην
365 303 425 374 καὶ
450 303 579 400 ἑορταῖς
601 303 660 373 καὶ
682 301 817 390 θυσίαις
843 303 1044 402 δημοτελέσι
1066 301 1166 402 νόμον
1189 303 1299 378 θεῖναι
1324 332 1381 405 γε-

223 444 362 540 ραίρειν·
382 444 441 513 καί
460 444 663 540 μαρτυροῶσί
686 466 741 540 μοι
762 451 822 515 τοιῖ
849 440 957 540 λόγου
980 445 1039 515 καί
1062 411 1230 516 καλοίνδαι
1255 447 1381 517 ίαννου-

223 577 328 678 οίρειοι
345 582 404 651 καὶ
421 577 459 651 τδ
478 579 514 667 ἐξ
533 582 662 652 ἐκείνου
681 583 740 652 καὶ
758 583 804 668 είς
821 579 899 652 τόδε
916 590 1091 682 κρατῆσαν
1109 581 1202 670 ἔθος.

325 719 397 792 Καὶ
420 717 514 818 ὑμεῖς
543 719 580 791 δέ
605 719 677 791 ὅσοι
694 745 738 819 γε
761 729 827 793 τῶν
853 719 1029 812 ἁπάντων;
1058 721 1113 821 ἄρ’
1132 721 1190 794 οὖν
1215 720 1315 793 ἱκανοὶ
1339 721 1382 793 τοὶ
1500 743 1501 760 ’

172 875 187 926 5
224 861 383 958 εἰρημένα
399 857 594 951 πεπεῖσθαι,
613 861 661 947 τίς
679 863 739 958 μὲν
755 859 885 960 χειμῶν
904 863 964 933 καὶ
981 870 1146 960 χειμῶνος
1160 859 1309 959 τιμιότης
1322 863 1382 932 καὶ

222 997 339 1097 ἀρετη,
357 1001 389 1069 τί
406 997 501 1096 δ’ἔαρ
519 1000 578 1069 καί
595 1001 694 1098 ἔαρος
711 998 925 1099 ταπεινότης,
951 968 1243 1098 ἀποδεδειγμένων
1264 1001 1382 1070 ἑκατέ-

222 1161 288 1236 ρων
307 1139 348 1208 ἔκ
365 1161 403 1208 τε
419 1137 559 1208 πολλῶν
577 1138 695 1210 ἄλλων
712 1141 772 1210 καί
790 1138 825 1226 ἐξ
841 1139 886 1210 ῶν
900 1139 932 1210 οί
944 1137 1162 1238 παλαιότεροί
1174 1164 1211 1211 τε
1225 1137 1309 1236 όμοιῖ
1322 1142 1383 1211 καί
1500 1199 1501 1204 ,

221 1274 406 1374 σοφώτεροι
422 1277 499 1374 περί
524 1275 634 1347 αὐτῶν
651 1274 892 1376 ὑπειλήφασιν;
925 1279 949 1376 ἢ
976 1281 1035 1350 καὶ
1060 1281 1088 1350 εί
1113 1279 1265 1350 συντελεῖ
1279 1303 1310 1348 τι
1332 1287 1381 1373 τῷ

220 1413 338 1512 κόσμῳ
356 1413 495 1514 χειμών,
515 1413 696 1507 ἀπαιτεῖτε,
715 1419 775 1487 καί
792 1419 820 1487 εί
837 1427 906 1504 τοῖς
924 1415 1117 1516 ἀνθρώποις
1136 1415 1381 1516 ἁρμοδιώτερος

155 1567 187 1619 10
220 1557 331 1653 ἔαρος,
365 1557 419 1626 ἵνα
438 1553 481 1653 δη
499 1557 560 1625 καί
577 1554 696 1652 ἐντελῆ
715 1553 777 1653 την
794 1557 870 1651 περὶ
895 1554 1000 1626 αὐτοῦ
1026 1556 1230 1656 ἐξενέγκητε
1248 1557 1380 1656 ψηρον;

220 1696 280 1765 καί
305 1702 389 1791 γοιῖν
416 1691 623 1793 ἐπιχειρήσω
654 1695 714 1766 καὶ
737 1691 866 1780 τοιίτοις
893 1694 1058 1794 μηδεμίαν
1088 1694 1260 1794 ἀναβολὴν
1283 1721 1381 1796 ποιη-

220 1832 373 1932 σοίμενος.

324 1973 395 2044 Καὶ
412 1979 556 2070 πρῶτον,
585 1970 635 2042 ότι
659 1974 688 2044 εί
714 1971 762 2072 μὴ
788 1971 916 2072 χειμών
941 1971 1002 2071 ἦν,
1027 1971 1147 2045 οὐδ’ἐν
1170 1971 1298 2071 κόσμος
1321 1974 1379 2074 ἦν·

222 2115 321 2212 ἔαρος
339 2113 376 2184 δὲ
395 2111 441 2211 μη
462 2111 566 2203 όντος,
586 2109 684 2183 οὐδὲν
709 2111 865 2210 ἐμποδών
886 2110 932 2210 μὴ
947 2107 1087 2208 ’κόσμον
1111 2112 1148 2183 εὖ
1173 2112 1379 2185 συνεστάναι.

156 2267 187 2319 15
222 2251 275 2324 ἀεὶ
293 2249 361 2350 γὰρ
380 2249 530 2350 ἑκάστης
546 2259 752 2350 περιτροπῆς
770 2253 864 2338 ἔτους
881 2249 985 2349 θέρος
1003 2247 1275 2348 ἀναφλεγοιίσης,
1291 2255 1379 2342 ἐπει-

222 2390 284 2463 δοὶν
303 2388 487 2490 ἐγγύτερον
503 2388 584 2488 ἡμῖν
602 2388 768 2490 ἐπιστηση
794 2390 851 2462 τὸν
879 2391 995 2490 ἥλιον,
1021 2393 1080 2461 καὶ
1103 2397 1288 2488 τηνικαῖτα
1313 2399 1380 2460 τῶν

222 2533 282 2629 μὲν
299 2539 460 2629 ποταμῶν
476 2539 542 2600 τῶν
561 2532 621 2627 μὲν
639 2531 857 2627 μειουμένων,
882 2538 948 2601 τῶν
975 2529 1012 2600 δὲ
1037 2526 1245 2600 παντοίπασιν
1269 2529 1378 2600 ἔκλει-

221 2668 369 2742 πόντων·
395 2677 518 2768 πηγῶν
537 2669 650 2740 δὲκαὶ
669 2669 794 2766 λιμνῶν
820 2671 879 2741 καί
909 2667 1063 2768 φρεοίτων
1087 2667 1162 2740 οὐδ’
1184 2666 1293 2740 αιἰτῶν
1317 2676 1382 2766 της

222 2806 378 2880 ἐντεῦθεν
397 2815 572 2905 συμιροροῖς
589 2805 653 2894 ἔξω
671 2805 948 2906 καθισταμένων·
968 2810 1028 2879 καὶ
1045 2816 1105 2879 τοιῖ
1124 2809 1183 2904 μὲν
1200 2809 1275 2905 περὶ
1288 2804 1383 2905 ἡμᾶς

153 2963 188 3017 20
221 2945 320 3046 ιἰἔρος
348 2945 585 3046 ξηραινομένου
603 2953 665 3044 τῆς
687 2971 724 3018 τε
742 2955 810 3046 γης
833 2948 1062 3045 κραυροτέρας
1088 2945 1379 3043 ἀποτελοομένης·

221 3095 327 3184 ιρυτοῶ
345 3085 383 3156 δέ
400 3087 460 3156 καί
476 3081 564 3171 πόας
582 3082 719 3182 ἁποίσης
735 3083 958 3183 αὐαινομένης
970 3093 1018 3179 τῶ
1032 3093 1146 3156 ποῖσαν
1161 3081 1382 3183 πανταχόθεν

221 3224 432 3323 ἀνιμωμένην
462 3221 622 3322 οἴχεσθαι
645 3220 708 3321 την
732 3220 925 3321 ὑγρότητα,
958 3225 1052 3321 ἔχοις
1077 3226 1181 3295 εἰπεῖν
1203 3220 1314 3295 πόθεν
1340 3222 1380 3295 ἂν

172 3447 177 3454 ,
221 3363 322 3451 αὖθις
339 3358 486 3461 ἀνθησοι
503 3359 648 3459 κόσμος;
667 3359 779 3434 πόθεν
797 3363 831 3448 ἐς
848 3336 887 3432 τὸ
905 3361 1092 3448 πολυτελὲς
1110 3365 1152 3434 ἐκ
1171 3372 1230 3435 τοῦ
1249 3362 1382 3450 ἐνδεοῦς
1444 3337 1446 3339 ’

221 3502 488 3600 ἀντιπερισταίη;
521 3497 649 3592 πόθεν,
676 3497 801 3600 μηκέτ’
824 3501 906 3571 εἶναι
929 3497 1057 3598 κόσμος
1079 3500 1296 3592 κινδυνεύων,
1323 3500 1381 3572 τόν

153 3664 187 3718 25
220 3643 372 3714 κίνδυνον
390 3640 624 3730 ἀποσείσαιτο;
653 3638 732 3712 ἀλλ’
755 3638 852 3712 οὐδὲν
875 3639 1015 3740 ἄδηλον.
1052 3641 1082 3712 εί
1099 3639 1168 3740 γοὶρ
1188 3639 1235 3740 μη
1253 3639 1382 3740 χειρῶν

222 3783 394 3880 ἐπεγίνετο
411 3789 471 3853 τοῦ
488 3777 589 3880 ἡλίου
606 3775 835 3878 πορρώτερον,
863 3779 886 3878 ἢ
907 3779 994 3852 ῶστε
1011 3781 1053 3852 ἐκ
1073 3789 1134 3852 τοῦ
1156 3782 1231 3851 ’ίσοο
1251 3787 1294 3876 τη
1319 3777 1381 3851 θε-

221 3921 296 4020 ρείηι
312 3919 418 4018 ιρλογὶ
434 3931 503 4007 τοῖς
526 3917 611 3992 καθ’
632 3914 725 4017 ἡμᾶς
747 3915 975 4016 προσβάλλειν
1001 3917 1194 4018 γινομένου,
1229 3916 1381 3990 ἀνισοτοί-

221 4085 287 4134 των
304 4056 462 4159 δηλονότι
477 4057 647 4131 καθ’όσον
665 4054 735 4130 οίόν
747 4081 784 4129 τε
801 4055 892 4129 κατὰ
909 4057 947 4129 τό
963 4056 1183 4158 μεσημβρινὸν
1196 4066 1262 4128 τῶν
1276 4056 1331 4130 διοί
1343 4083 1380 4130 τε

222 4207 289 4271 τῶν
306 4197 450 4272 ἀκτίνων
466 4199 526 4269 καί
542 4207 602 4270 τοῖ
621 4195 676 4269 διοὶ
692 4205 751 4269 τοιῖ
770 4194 938 4295 ὁρίζοντος
956 4197 1114 4270 ἐπιπέδου
1138 4200 1380 4296 συνισταμένων

155 4369 191 4424 30
223 4345 370 4434 γωνιῶν,
401 4333 512 4408 ποίλαι
538 4336 579 4409 ἂν
603 4334 761 4435 ἐγεγόνει
782 4333 954 4443 πάρεργον
978 4335 1103 4436 θέρους
1127 4334 1145 4408 ό
1168 4335 1297 4436 κόσμος
1321 4339 1380 4408 καί
