3058 4732
706 59 749 128 11

147 279 391 382 ἐπισημότερος
410 277 662 379 ἀναφανήσεται
687 276 862 378 όχειμών.
905 287 1004 377 τριῶν
1025 276 1094 377 γάρ
1119 278 1222 350 ὄντων
1244 285 1311 350 τῶν

146 431 268 524 γενῶν,
288 419 334 509 ῶς
351 431 420 508 τοῖς
437 421 514 518 περὶ
530 417 772 518 γραμματικὴν
790 416 1000 519 έσχολακόσι
1012 416 1311 518 τετεχνολόγηται,

148 564 208 635 καί
224 570 285 633 τοῦ
305 564 365 660 μέν
384 559 563 660 ἀρσενικοῦ
576 560 802 657 καλουμένου,
821 568 881 630 τού
895 559 934 630 δὲ
945 557 1120 658 θηλυκοῶ,
1135 556 1312 656 οὐδετέρου

148 703 186 774 δέ
204 709 264 773 τού
282 702 393 799 τρίτου
409 703 470 772 καί
486 700 693 790 τελευταίου,
713 699 844 797 βέλτιον
862 701 922 796 μέν
940 700 975 771 έν
993 698 1098 772 ἅπασι
1114 699 1174 770 καὶ
1186 721 1313 796 προφε-

147 843 302 940 ρέστερον
320 849 380 911 τού
398 839 562 938 θηλυκοῶ
575 836 614 911 τὸ
630 837 818 937 ἀρσενικόν,
836 837 978 911 κάκεῖνο
991 836 1095 911 πάλιν
1108 847 1168 910 τού
1182 836 1312 910 ούδετέ-
1364 857 1380 910 5

148 1004 225 1078 ρου·
246 981 305 1050 καί
320 978 408 1050 ούτω
427 976 471 1078 δη
491 978 559 1077 ἀρα
576 978 697 1072 πολλῶ
715 975 885 1077 ὑπερέχον
902 986 962 1050 τού
977 981 1088 1077 τρίτου
1105 975 1144 1048 τό
1161 985 1312 1075 πρῶτον·

148 1117 187 1189 τό
205 1115 273 1217 γάρ
291 1127 350 1189 τού
371 1115 524 1214 μείζονος
542 1115 658 1214 μειζον
677 1126 798 1216 μακρῷ
818 1115 943 1215 μεῖζον.
979 1118 1023 1216 ἤν
1040 1115 1098 1189 ούν
1110 1114 1239 1216 χειμών
1254 1118 1315 1214 μὲν

151 1256 334 1356 ἀρσενικῶς
347 1254 571 1356 χρηματίζειν
585 1255 682 1344 ἀξίαν
690 1259 809 1356 έσχεν,
825 1260 898 1356 έαρι
912 1257 949 1328 δὲ
962 1259 1022 1328 καί
1035 1255 1132 1355 θέρει
1144 1258 1204 1328 καὶ
1218 1280 1313 1353 μετο-

148 1394 251 1495 πώρῳ
267 1395 346 1468 ούδὲ
361 1394 530 1494 θηλυκῶς
551 1421 595 1494 γε
609 1395 782 1495 ἐξεγένετο
798 1392 1010 1495 ώνυμοίσθαι,
1025 1403 1099 1483 πῶς
1112 1393 1178 1467 ούκ
1193 1393 1314 1492 ἀθέμι-

147 1561 215 1626 τον,
236 1533 283 1633 μὴ
301 1533 383 1634 ὀὐχὶ
400 1537 589 1634 κρείττονος
606 1533 709 1607 αύτδν
725 1537 750 1633 ἢ
769 1533 860 1608 κατὰ
876 1544 984 1608 ταῦτα
996 1543 1096 1635 τιμῆς
1110 1532 1312 1624 ἀπολαύειν,
1350 1551 1383 1602 10

146 1679 201 1747 ἵνα
227 1671 296 1773 γάρ
320 1671 366 1773 μη
391 1685 460 1762 τοῖς
485 1672 600 1774 χρόνῳ
625 1673 763 1773 ὕστερον
781 1676 961 1773 ἐσομένοις,
980 1675 1117 1772 ἐπείπερ
1135 1669 1314 1771 έμελλενό

148 1823 216 1886 τῶν
235 1810 426 1912 ἀνθρώπων
444 1813 514 1911 βίος
531 1813 664 1912 πρδςτδ
677 1812 930 1913 τρυφερώτερον
942 1811 1145 1914 ἀποχωρεῖν,
1162 1810 1315 1912 χεῖρόντι

150 1950 246 2051 παρά
262 1950 325 2039 τάς
342 1949 466 2040 λοιπάς
483 1952 574 2052 ώρας
591 1950 786 2053 ύποληφθη
804 1951 822 2025 ὃ
836 1951 977 2053 χειμών,
998 1951 1174 2052 ἀρσενικοῦ
1191 1949 1316 2051 κλήσει

151 2090 195 2189 δη
215 2099 332 2163 τοῦτον
350 2102 531 2189 προσεῖπον
550 2091 582 2164 οί
598 2089 762 2191 πρότερον
781 2094 918 2164 ἐκείνων
935 2101 990 2198 τῷ,
1000 2093 1091 2191 γένει
1105 2087 1316 2190 διῳκηκότες

151 2232 192 2301 ἐκ
215 2230 392 2328 διαμέτρου
421 2231 558 2303 οἱονείτε
578 2229 741 2331 σύνθημα
755 2229 943 2319 δεδωκότες
956 2229 1039 2303 αύτό
1051 2239 1151 2302 τούτο
1164 2227 1202 2302 τδ
1217 2231 1316 2328 γένος
1351 2247 1383 2299 15

151 2372 210 2442 καὶ
229 2371 409 2469 μονονουχὶ
426 2368 655 2470 κεκραγότες·
677 2369 723 2458 ώς
740 2371 838 2458 ούτος
855 2369 873 2442 ὁ
893 2368 1011 2469 καιρός
1027 2368 1114 2442 καθ’
1133 2369 1170 2440 δν
1188 2369 1242 2441 δεῖ
1251 2366 1315 2468 ζῆν

152 2509 275 2607 ἀνδρα·
294 2507 380 2580 καθ’
403 2509 440 2582 δν
459 2508 795 2609 ἀνδραγαθίζεσθαι·
816 2509 903 2584 καθ’
915 2510 953 2582 ὃν
970 2520 1123 2608 γενναῖον
1140 2510 1200 2584 καὶ
1217 2507 1315 2606 ἀρρε-

152 2646 262 2720 νωπόν
279 2646 336 2720 τόν
355 2647 536 2748 ἄνθρωπον
555 2651 647 2722 εἶναι.

254 2785 297 2860 Ee
315 2788 429 2862 δὲκαὶ
445 2787 502 2889 τόν
519 2787 611 2861 κατά
627 2786 666 2861 τό
681 2791 802 2888 ἔτυμον
815 2790 1121 2888 πολυπραγμονοίη
1134 2811 1183 2874 τις
1195 2785 1313 2885 λόγον,

153 2925 251 2998 οὐδὲν
268 2927 370 3025 ἦττον
387 2929 447 2998 καὶ
465 2927 554 3000 ούτω
571 2937 634 3028 τῆς
652 2931 778 3017 οἰκείας
793 2926 1012 3016 ἐλαττώσεως
1025 2931 1085 3027 έαρ
1099 2925 1313 3026 αἰσθήσεται.
1349 2947 1384 3000 20

152 3065 176 3164 ἢ
196 3064 335 3154 δειξάτω
353 3091 402 3154 τις
418 3065 558 3166 παριών,
579 3067 626 3168 μη
645 3067 708 3168 την
725 3067 866 3169 γνώμην
883 3065 1180 3166 ταλαντευόμενος,
1204 3064 1314 3138 πόθεν

152 3206 213 3303 ἐἀρ
231 3203 362 3304 ἐτύμως
378 3204 605 3307 λεχθήσεται,
630 3217 690 3280 τοῦ
715 3217 881 3308 χειμῶνος
906 3210 966 3279 καὶ
988 3204 1080 3280 κατά
1103 3215 1202 3278 τούτο
1220 3205 1315 3278 πλεί-

152 3367 235 3442 στης
252 3343 452 3442 ἠξιουμένου
471 3345 634 3445 σπουδῆς,
652 3348 707 3418 ἵνα
724 3349 784 3419 καί
802 3345 902 3445 μόνον
918 3344 1116 3445 λεγόμενος,
1136 3345 1218 3443 ὅπερ
1233 3346 1314 3436 έστί,
1355 3437 1358 3442 Ι

151 3483 300 3582 παρέχοι
316 3493 412 3556 νοεῖν.
450 3484 589 3557 δοκούσι
607 3485 645 3557 δὲ
669 3482 713 3585 δη’
734 3510 790 3583 μοι
814 3488 874 3558 καί
886 3483 1064 3584 Ῥωμαίων
1082 3486 1113 3556 οἱ
1129 3482 1220 3556 κατά
1237 3481 1317 3571 τούς

153 3622 222 3694 ἀνω
241 3618 403 3722 χρόνους,
429 3625 462 3695 οἳ
477 3633 543 3696 τῶν
561 3623 649 3698 καθ’
672 3623 812 3713 ἑαυτούς
834 3650 872 3698 τε
896 3627 955 3697 καὶ
983 3627 1099 3696 ἔπειτα
1123 3621 1315 3722 ἀνθρώπων
1350 3646 1383 3700 25

153 3765 430 3861 περιφανέστατοί
445 3787 483 3836 τε
499 3763 664 3864 γεγόνασι
681 3768 740 3839 καὶ
758 3763 1030 3864 ὀνομαστότατοι,
1050 3761 1097 3862 μη
1117 3763 1196 3835 ἀνευ
1212 3787 1315 3836 σπου-

154 3899 249 3989 δαίας
265 3905 325 3974 καὶ
343 3910 453 4001 σοφῆς
471 3904 665 3991 ἐπιστασίας
687 3903 751 4003 τήν
776 3902 891 4005 ἀρχὴν
914 3911 974 3976 τοῶ
1000 3904 1096 3990 ἔτους
1119 3913 1316 4001 προσνεῖμαι

152 4050 293 4140 χειμῶνι
309 4043 380 4134 καί,
399 4041 468 4141 ηγε
485 4040 627 4141 πρώτως
644 4045 786 4143 ταυτησί
802 4052 865 4143 τῆς
883 4042 975 4141 ώρας
993 4039 1240 4140 εἰσβαλλούσης
1255 4066 1315 4114 πε-

153 4179 308 4278 ριέτυχον
332 4183 496 4280 νουμηνίᾳ
520 4225 571 4234 -
595 4180 634 4254 ού
660 4179 729 4280 γοὶρ
755 4179 917 4268 ἐπιδέξιον
942 4178 1054 4252 έδόκει
1068 4205 1152 4267 ,πως
1175 4180 1248 4278 ἅμα
1271 4189 1315 4276 τη

152 4328 213 4392 τοῶ
231 4329 397 4419 χειμῶνος
414 4319 533 4416 είσόδιμ
551 4319 707 4394 κολούειν
724 4320 787 4419 τὴν
811 4320 1017 4396 κατάστασιν
1040 4328 1100 4391 τοῶ
1124 4318 1229 4417 μηνός
1252 4365 1315 4413 -,
1350 4353 1385 4406 30

1166 4453 1183 4505 2
