3058 4732
401 1021 633 1122 Μαξίμου
668 1033 753 1096 τοῦ
789 1023 1066 1124 Πλανούδη

469 1191 635 1280 Σύγκρισις
656 1201 809 1280 χειμῶνος
830 1161 884 1258 καί
907 1196 998 1280 ἔαρος

253 1386 368 1520 Οἶμαι
388 1395 448 1494 καί
470 1421 554 1522 πρὸς
580 1421 686 1521 μόνην
708 1421 772 1522 τῆν
797 1421 907 1522 άκοῆν
932 1421 1167 1524 άποπηδῆσειν
1191 1423 1314 1496 αύτίκα

147 1559 248 1652 τινάς,
269 1563 298 1632 εί
315 1571 481 1660 χειμῶνος
499 1561 618 1660 καιρὸν
635 1565 695 1634 καί
713 1565 774 1661 έαρ
791 1561 1037 1661 παρατιθέντες
1050 1562 1169 1635 τούτου
1185 1566 1313 1636 ἐκεῖνον

148 1701 183 1770 έν
202 1702 251 1786 οἷς
275 1700 358 1799 ὧραι
385 1699 623 1800 θαυμάζονται
648 1699 944 1799 ἐπαγγελούμεθα
967 1701 1011 1773 τά
1034 1711 1153 1800 πρῶτα
1178 1701 1312 1774 άποίσε-
1366 1717 1381 1768 5

148 1835 242 1910 σθαι.
264 1838 374 1911 ’δεινόν
389 1839 457 1938 γάρ
471 1842 531 1911 καὶ
544 1849 705 1939 περιττῶς
718 1841 846 1912 άτοπον
860 1839 949 1928 δόξει
963 1838 1060 1938 λόγῳ
1073 1839 1136 1938 τῆν
1149 1850 1215 1912 τιῦν
1228 1843 1312 1914 πολ-

147 1979 218 2048 λιῦν
237 1975 338 2064 δόξαν
355 1977 535 2078 καθαιρεῖν
565 1979 694 2071 ἀξιοῦν,
731 1979 867 2078 παρόίς
890 1975 996 2078 λόγος
1019 1979 1064 2051 τά
1089 1978 1229 2080 δεύτερά
1245 2005 1311 2053 που
1334 2081 1336 2087 A

148 2117 208 2188 καὶ
225 2119 319 2215 τρίτα
337 2117 423 2214 μετά
439 2117 503 2218 τῆν
521 2118 681 2218 αίσθησιν
700 2121 784 2219 ἔχει,
805 2119 911 2218 μηδὲν
928 2121 1017 2218 πέρα
1034 2127 1097 2217 τῆς
1114 2118 1187 2192 κατ’
1206 2119 1313 2220 αύτῆν

147 2258 265 2354 πείρας
284 2265 426 2356 συνορᾶν
445 2258 650 2356 δυναμένοις.
688 2261 747 2330 καὶ
766 2257 833 2358 σύγ
849 2258 976 2357 ῆκιστα
993 2267 1067 2349 νῦν,
1096 2257 1152 2330 ὅτε
1176 2283 1224 2346 τις
1246 2267 1312 2330 τῶν

146 2404 206 2467 τοῦ
229 2393 397 2495 ἡμετέρου
424 2395 638 2497 συστήματος
662 2405 721 2468 τοῦ
749 2398 893 2496 λογικοῦ
920 2395 1132 2496 καταλόγου,
1160 2397 1245 2497 άνῆρ
1269 2397 1313 2470 τά
1349 2375 1403 2469 ιυ

147 2537 208 2632 μὲν
226 2535 320 2606 άλλα
338 2537 499 2634 φίλτατος
516 2535 651 2610 πάντων
669 2538 743 2635 ἐμοὶ
761 2539 821 2608 καὶ
839 2537 1039 2635 φιλοσοφίας
1057 2537 1171 2634 ἄκρως
1189 2535 1311 2636 έγόμε-

7 2737 8 2740 ,
146 2697 214 2763 νος,
233 2672 420 2762 δεινότατος
438 2660 485 2746 δὲ’
496 2677 598 2747 εἰπεῖν
615 2679 675 2747 καὶ
693 2673 820 2774 λόγους
836 2673 1033 2774 πράγμασιν
1059 2673 1173 2762 ἱκανὸς
1198 2675 1311 2762 ἐξισῶ-

150 2835 217 2902 σαι,
237 2783 304 2884 έστι
322 2814 359 2885 δὲ
377 2817 437 2886 καὶ
454 2813 724 2914 ύπερβαλέσθαι,
749 2817 849 2914 έαρος
876 2817 935 2912 μὲν
960 2817 1020 2886 καὶ
1046 2823 1112 2886 τῶν
1129 2813 1206 2888 κατ’
1229 2813 1311 2886 αότό

151 2949 281 3048 μακρόν
299 2952 463 3052 διεξῆλθε
480 2952 538 3024 τόν
556 2957 691 3026 έπαινον
716 2956 751 3025 έν
772 2956 864 3052 μέρει
882 2954 1030 3053 λογικῆς
1047 2953 1182 3040 παιδιᾶς
1198 2977 1235 3024 τε
1253 2956 1312 3025 καί

149 3087 349 3189 διαχύσεως,
369 3102 521 3193 χειμῶνα
539 3094 577 3164 δὲ
593 3091 710 3166 πολλά
727 3096 836 3166 τεκαὶ
851 3091 943 3192 ἀηδῆ
959 3091 1156 3184 ἐξωνείδισε,
1175 3091 1313 3165 τοσόνδε
1349 3113 1380 3167 15

147 3255 179 3302 τι
196 3229 316 3302 πειθοῖ
330 3230 480 3332 ξυμμιγῆ
498 3231 555 3304 τόν
573 3231 680 3332 λόγον
698 3235 757 3304 καὶ
774 3230 888 3332 χάριτι
905 3229 1148 3330 κερασάμενος,
1168 3231 1262 3323 ὥστ’,
1283 3235 1311 3304 εί

149 3369 196 3469 μη
217 3373 386 3467 γυμνασία
403 3397 451 3459 τις
467 3371 511 3470 ῆν
530 3371 612 3471 μηδ’
631 3370 786 3458 ἐπίδειξις
802 3379 865 3470 τῆς
880 3372 957 3469 περὶ
974 3368 1101 3468 λόγους
1119 3367 1310 3469 ἀσκήσεως,

148 3491 305 3607 άντικρυς
323 3507 493 3609 ἀληθειαν
510 3507 725 3610 ὑπειλῆφθαι
750 3508 794 3581 τά
821 3511 997 3608 εἰρημένα,
1023 3508 1081 3580 τόν
1098 3506 1251 3608 χειμῶνά
1274 3535 1311 3581 τε

147 3640 349 3720 κινδυνεύειν
367 3647 525 3721 ἐντεῦθεν
544 3649 611 3748 οὐχ
629 3648 722 3735 όπως
739 3657 798 3719 τοῦ
821 3647 955 3746 ἀρίστου
981 3647 1192 3739 ἀποπίπτειν,
1219 3647 1312 3719 ἀλλά

148 3788 235 3885 μηδὲ
259 3799 332 3875 ταῖς
357 3788 459 3886 ὥραις
484 3785 777 3875 συνεξετάζεσθαι.
815 3795 983 3886 συνεπῆρε
1008 3787 1046 3858 δέ
1070 3787 1100 3857 οἱ
1125 3784 1311 3886 τὸνλόγον
1345 3811 1380 3864 20

149 3927 208 3995 καί
226 3929 326 4026 μέχρι
344 3924 460 4025 πόρρω
479 3928 719 4026 κεχωρηκέναι
736 3923 974 4024 παρεσκεύασε
998 3922 1228 4024 πιθανότητος
1252 3928 1312 3996 καὶ

148 4061 187 4134 τὸ
206 4064 388 4164 ἐνεστηκός
405 4074 464 4138 τοῦ
483 4075 615 4163 καιροῦ.
650 4063 779 4165 χειμών
797 4064 864 4164 γάρ
883 4067 942 4135 καὶ
956 4072 1123 4162 χειμῶνος
1135 4063 1174 4135 τὸ
1188 4063 1311 4160 ἀκμαι-

148 4198 285 4274 ότατον·
306 4203 409 4304 ῆνίκα
426 4206 486 4276 καὶ
505 4205 534 4276 εί
546 4229 632 4292 τινος
650 4203 812 4303 α’ίσθησιν
830 4203 897 4303 ούχ
913 4202 1016 4302 ηδέος
1037 4201 1054 4273 ό
1075 4202 1192 4302 καιρός
1215 4202 1312 4290 οὖτος

145 4343 336 4442 παρέχεται
355 4387 405 4396 -
425 4347 613 4444 παρέχεται
631 4344 669 4415 δὲ
688 4346 736 4430 οίς
753 4345 813 4416 καὶ
829 4315 1014 4440 παιδευτὴς
1032 4341 1175 4440 φοβερός
1193 4339 1311 4438 όρᾶται

1164 4495 1175 4545 1
