<?xml version="1.0" encoding="UTF-8"?>
<!DOCTYPE html PUBLIC "-//W3C//DTD XHTML 1.0 Transitional//EN"
    "http://www.w3.org/TR/xhtml1/DTD/xhtml1-transitional.dtd">
<html xmlns="http://www.w3.org/1999/xhtml" xml:lang="en" lang="en">
 <head>
  <title>
</title>
<meta http-equiv="Content-Type" content="text/html;charset=utf-8" />
  <meta name='ocr-system' content='tesseract 3.04.00' />
  <meta name='ocr-capabilities' content='ocr_page ocr_carea ocr_par ocr_line ocrx_word'/>
</head>
<body>
  <div class='ocr_page' id='page_1' title='image "./comparatiohiemi00plangoog_0023.png"; bbox 0 0 3058 4732; ppageno 0'>
   <div class='ocr_carea' id='block_1_1' title="bbox 778 93 799 164">
    <p class='ocr_par' dir='ltr' id='par_1_1' title="bbox 778 93 799 164">
     <span class='ocr_line' id='line_1_1' title="bbox 778 93 799 164; baseline 0 0"><span class='ocrx_word' id='word_1_1' title='bbox 778 93 799 164; x_wconf 87' lang='grc'>8</span> 
     </span>
    </p>
   </div>
   <div class='ocr_carea' id='block_1_2' title="bbox 689 195 889 204">
    <p class='ocr_par' dir='ltr' id='par_1_2' title="bbox 689 195 889 204">
     <span class='ocr_line' id='line_1_2' title="bbox 689 195 889 204; baseline 0.01 -4"><span class='ocrx_word' id='word_1_2' title='bbox 689 195 889 204; x_wconf 72' lang='lat'><em>-—.—--—.-.-.-..</em></span> 
     </span>
    </p>
   </div>
   <div class='ocr_carea' id='block_1_3' title="bbox 143 311 1371 2230">
    <p class='ocr_par' dir='ltr' id='par_1_3' title="bbox 143 311 1371 2230">
     <span class='ocr_line' id='line_1_3' title="bbox 207 311 1368 418; baseline 0.006 -34"><span class='ocrx_word' id='word_1_3' title='bbox 207 321 273 385; x_wconf 84' lang='grc' dir='ltr'>τῶν</span> <span class='ocrx_word' id='word_1_4' title='bbox 291 312 337 384; x_wconf 73' lang='grc' dir='ltr'>τόν</span> <span class='ocrx_word' id='word_1_5' title='bbox 356 314 445 386; x_wconf 89' lang='grc' dir='ltr'>α’ίτια</span> <span class='ocrx_word' id='word_1_6' title='bbox 461 311 697 413; x_wconf 82' lang='grc' dir='ltr'>προτιμότερα,</span> <span class='ocrx_word' id='word_1_7' title='bbox 716 317 776 387; x_wconf 79' lang='grc' dir='ltr'>καί</span> <span class='ocrx_word' id='word_1_8' title='bbox 793 315 921 416; x_wconf 78' lang='grc' dir='ltr'>χειμών</span> <span class='ocrx_word' id='word_1_9' title='bbox 938 319 1037 416; x_wconf 82' lang='grc' dir='ltr'>ἔαρος</span> <span class='ocrx_word' id='word_1_10' title='bbox 1055 317 1104 406; x_wconf 78' lang='grc' dir='ltr'>δὶς</span> <span class='ocrx_word' id='word_1_11' title='bbox 1120 318 1191 418; x_wconf 88' lang='grc' dir='ltr'>ήδη</span> <span class='ocrx_word' id='word_1_12' title='bbox 1209 321 1269 390; x_wconf 80' lang='grc' dir='ltr'>καὶ</span> <span class='ocrx_word' id='word_1_13' title='bbox 1285 319 1368 392; x_wconf 93' lang='grc' dir='ltr'>πολ-</span> 
     </span>
     <span class='ocr_line' id='line_1_4' title="bbox 207 449 964 555; baseline 0.003 -31"><span class='ocrx_word' id='word_1_14' title='bbox 207 449 308 540; x_wconf 84' lang='grc' dir='ltr'>λάκις</span> <span class='ocrx_word' id='word_1_15' title='bbox 325 461 434 552; x_wconf 78' lang='grc' dir='ltr'>μικρῷ</span> <span class='ocrx_word' id='word_1_16' title='bbox 453 453 591 553; x_wconf 81' lang='grc' dir='ltr'>ὕστερον</span> <span class='ocrx_word' id='word_1_17' title='bbox 612 452 842 555; x_wconf 77' lang='grc' dir='ltr'>ἐπιδοξότερος</span> <span class='ocrx_word' id='word_1_18' title='bbox 861 459 964 529; x_wconf 83' lang='grc' dir='ltr'>ἔσται.</span> 
     </span>
     <span class='ocr_line' id='line_1_5' title="bbox 312 591 1369 695; baseline 0.004 -31"><span class='ocrx_word' id='word_1_19' title='bbox 312 591 435 665; x_wconf 87' lang='grc' dir='ltr'>Καίτοι</span> <span class='ocrx_word' id='word_1_20' title='bbox 451 596 484 666; x_wconf 90' lang='grc' dir='ltr'>τί</span> <span class='ocrx_word' id='word_1_21' title='bbox 499 602 607 666; x_wconf 77' lang='grc' dir='ltr'>ταῦτα</span> <span class='ocrx_word' id='word_1_22' title='bbox 625 597 729 694; x_wconf 87' lang='grc' dir='ltr'>φημί,</span> <span class='ocrx_word' id='word_1_23' title='bbox 755 595 886 695; x_wconf 84' lang='grc' dir='ltr'>ὅπουγε</span> <span class='ocrx_word' id='word_1_24' title='bbox 902 598 1222 695; x_wconf 90' lang='grc' dir='ltr'>περιεργασαμένοις</span> <span class='ocrx_word' id='word_1_25' title='bbox 1240 595 1310 668; x_wconf 77' lang='grc' dir='ltr'>οὐδ’</span> <span class='ocrx_word' id='word_1_26' title='bbox 1333 598 1369 668; x_wconf 87' lang='grc' dir='ltr'>έν</span> 
     </span>
     <span class='ocr_line' id='line_1_6' title="bbox 207 729 1370 835; baseline 0.004 -33"><span class='ocrx_word' id='word_1_27' title='bbox 207 741 276 818; x_wconf 86' lang='grc' dir='ltr'>τοῖς</span> <span class='ocrx_word' id='word_1_28' title='bbox 300 729 391 803; x_wconf 81' lang='grc' dir='ltr'>οὖσιν</span> <span class='ocrx_word' id='word_1_29' title='bbox 416 733 477 830; x_wconf 84' lang='grc' dir='ltr'>ἔαρ</span> <span class='ocrx_word' id='word_1_30' title='bbox 503 730 802 833; x_wconf 86' lang='grc' dir='ltr'>ἀριθμηθήσεται;</span> <span class='ocrx_word' id='word_1_31' title='bbox 837 734 943 832; x_wconf 83' lang='grc' dir='ltr'>ὄνομα</span> <span class='ocrx_word' id='word_1_32' title='bbox 974 735 1012 806; x_wconf 82' lang='grc' dir='ltr'>δὲ</span> <span class='ocrx_word' id='word_1_33' title='bbox 1044 733 1144 833; x_wconf 92' lang='grc' dir='ltr'>μόνον</span> <span class='ocrx_word' id='word_1_34' title='bbox 1169 733 1370 835; x_wconf 80' lang='grc' dir='ltr'>πράγματος</span> 
     </span>
     <span class='ocr_line' id='line_1_7' title="bbox 159 869 1368 975; baseline 0.005 -34"><span class='ocrx_word' id='word_1_35' title='bbox 159 891 174 941; x_wconf 89' lang='lat'>5</span> <span class='ocrx_word' id='word_1_36' title='bbox 209 871 335 968; x_wconf 88' lang='grc' dir='ltr'>έρημον</span> <span class='ocrx_word' id='word_1_37' title='bbox 348 869 618 970; x_wconf 80' lang='grc' dir='ltr'>ἐλεγχθήσεται,</span> <span class='ocrx_word' id='word_1_38' title='bbox 630 881 770 973; x_wconf 82' lang='grc' dir='ltr'>χειμῶνι</span> <span class='ocrx_word' id='word_1_39' title='bbox 783 873 821 944; x_wconf 79' lang='grc' dir='ltr'>δὲ</span> <span class='ocrx_word' id='word_1_40' title='bbox 834 871 872 946; x_wconf 85' lang='grc' dir='ltr'>τό</span> <span class='ocrx_word' id='word_1_41' title='bbox 886 882 946 946; x_wconf 87' lang='grc' dir='ltr'>τού</span> <span class='ocrx_word' id='word_1_42' title='bbox 962 877 1081 962; x_wconf 84' lang='grc' dir='ltr'>αἰῶνος</span> <span class='ocrx_word' id='word_1_43' title='bbox 1093 874 1197 974; x_wconf 87' lang='grc' dir='ltr'>ήμισυ</span> <span class='ocrx_word' id='word_1_44' title='bbox 1215 873 1368 975; x_wconf 84' lang='grc' dir='ltr'>νεμηθή-</span> 
     </span>
     <span class='ocr_line' id='line_1_8' title="bbox 208 1009 1371 1114; baseline 0.005 -32"><span class='ocrx_word' id='word_1_45' title='bbox 208 1034 312 1083; x_wconf 91' lang='grc' dir='ltr'>σεται.</span> <span class='ocrx_word' id='word_1_46' title='bbox 344 1013 404 1083; x_wconf 85' lang='grc' dir='ltr'>καὶ</span> <span class='ocrx_word' id='word_1_47' title='bbox 422 1009 466 1110; x_wconf 90' lang='grc' dir='ltr'>δή</span> <span class='ocrx_word' id='word_1_48' title='bbox 488 1037 544 1110; x_wconf 90' lang='grc' dir='ltr'>μοι</span> <span class='ocrx_word' id='word_1_49' title='bbox 560 1010 746 1112; x_wconf 78' lang='grc' dir='ltr'>συμπράξει</span> <span class='ocrx_word' id='word_1_50' title='bbox 770 1023 818 1108; x_wconf 79' lang='grc' dir='ltr'>τῷ</span> <span class='ocrx_word' id='word_1_51' title='bbox 842 1010 939 1112; x_wconf 83' lang='grc' dir='ltr'>λόγῳ</span> <span class='ocrx_word' id='word_1_52' title='bbox 966 1017 1026 1086; x_wconf 82' lang='grc' dir='ltr'>καὶ</span> <span class='ocrx_word' id='word_1_53' title='bbox 1050 1013 1150 1102; x_wconf 89' lang='grc' dir='ltr'>αύθις</span> <span class='ocrx_word' id='word_1_54' title='bbox 1172 1013 1271 1112; x_wconf 83' lang='grc' dir='ltr'>ἥλιος</span> <span class='ocrx_word' id='word_1_55' title='bbox 1294 1017 1371 1114; x_wconf 79' lang='grc' dir='ltr'>περὶ</span> 
     </span>
     <span class='ocr_line' id='line_1_9' title="bbox 208 1148 1369 1254; baseline 0.003 -32"><span class='ocrx_word' id='word_1_56' title='bbox 208 1148 304 1250; x_wconf 79' lang='grc' dir='ltr'>ὡρῶν</span> <span class='ocrx_word' id='word_1_57' title='bbox 322 1151 570 1250; x_wconf 74' lang='grc' dir='ltr'>διαλεγομένῳ·</span> <span class='ocrx_word' id='word_1_58' title='bbox 591 1151 650 1225; x_wconf 85' lang='grc' dir='ltr'>ὅδε</span> <span class='ocrx_word' id='word_1_59' title='bbox 666 1152 734 1252; x_wconf 88' lang='grc' dir='ltr'>γάρ</span> <span class='ocrx_word' id='word_1_60' title='bbox 758 1151 896 1252; x_wconf 81' lang='grc' dir='ltr'>ἡμερῶν</span> <span class='ocrx_word' id='word_1_61' title='bbox 918 1179 956 1226; x_wconf 92' lang='grc' dir='ltr'>τε</span> <span class='ocrx_word' id='word_1_62' title='bbox 979 1157 1039 1226; x_wconf 80' lang='grc' dir='ltr'>καὶ</span> <span class='ocrx_word' id='word_1_63' title='bbox 1058 1152 1153 1254; x_wconf 74' lang='grc' dir='ltr'>ᾠρῶν</span> <span class='ocrx_word' id='word_1_64' title='bbox 1170 1152 1291 1252; x_wconf 83' lang='grc' dir='ltr'>νομεύς</span> <span class='ocrx_word' id='word_1_65' title='bbox 1308 1157 1369 1227; x_wconf 83' lang='grc' dir='ltr'>καὶ</span> 
     </span>
     <span class='ocr_line' id='line_1_10' title="bbox 207 1289 1370 1394; baseline 0.003 -32"><span class='ocrx_word' id='word_1_66' title='bbox 207 1299 267 1363; x_wconf 85' lang='grc' dir='ltr'>τού</span> <span class='ocrx_word' id='word_1_67' title='bbox 284 1289 410 1378; x_wconf 86' lang='grc' dir='ltr'>παντός</span> <span class='ocrx_word' id='word_1_68' title='bbox 427 1293 523 1379; x_wconf 83' lang='grc' dir='ltr'>ἔτους</span> <span class='ocrx_word' id='word_1_69' title='bbox 539 1294 671 1392; x_wconf 83' lang='grc' dir='ltr'>ταμίας.</span> <span class='ocrx_word' id='word_1_70' title='bbox 709 1291 829 1391; x_wconf 85' lang='grc' dir='ltr'>ἀγνοεῖ</span> <span class='ocrx_word' id='word_1_71' title='bbox 848 1290 983 1382; x_wconf 80' lang='grc' dir='ltr'>πάντας</span> <span class='ocrx_word' id='word_1_72' title='bbox 1007 1293 1115 1382; x_wconf 82' lang='grc' dir='ltr'>ούδείς</span> <span class='ocrx_word' id='word_1_73' title='bbox 1141 1295 1165 1394; x_wconf 82' lang='grc' dir='ltr'>ή</span> <span class='ocrx_word' id='word_1_74' title='bbox 1191 1294 1280 1381; x_wconf 83' lang='grc' dir='ltr'>ὅστις</span> <span class='ocrx_word' id='word_1_75' title='bbox 1304 1301 1370 1366; x_wconf 83' lang='grc' dir='ltr'>τῶν</span> 
     </span>
     <span class='ocr_line' id='line_1_11' title="bbox 210 1429 1369 1532; baseline 0.003 -31"><span class='ocrx_word' id='word_1_76' title='bbox 210 1429 256 1529; x_wconf 79' lang='grc' dir='ltr'>μὴ</span> <span class='ocrx_word' id='word_1_77' title='bbox 282 1431 499 1528; x_wconf 80' lang='grc' dir='ltr'>γευσαμένων</span> <span class='ocrx_word' id='word_1_78' title='bbox 522 1431 694 1523; x_wconf 81' lang='grc' dir='ltr'>παιδείας,</span> <span class='ocrx_word' id='word_1_79' title='bbox 731 1429 777 1520; x_wconf 80' lang='grc' dir='ltr'>ὥς</span> <span class='ocrx_word' id='word_1_80' title='bbox 803 1429 915 1532; x_wconf 84' lang='grc' dir='ltr'>διττήν</span> <span class='ocrx_word' id='word_1_81' title='bbox 938 1431 1037 1532; x_wconf 84' lang='grc' dir='ltr'>ήλιος</span> <span class='ocrx_word' id='word_1_82' title='bbox 1060 1431 1123 1532; x_wconf 83' lang='grc' dir='ltr'>τήν</span> <span class='ocrx_word' id='word_1_83' title='bbox 1148 1435 1298 1506; x_wconf 78' lang='grc' dir='ltr'>ἐναντίαν</span> <span class='ocrx_word' id='word_1_84' title='bbox 1321 1441 1369 1528; x_wconf 79' lang='grc' dir='ltr'>τῷ</span> 
     </span>
     <span class='ocr_line' id='line_1_12' title="bbox 143 1569 1367 1673; baseline 0.003 -30"><span class='ocrx_word' id='word_1_85' title='bbox 143 1591 177 1643; x_wconf 88' lang='lat'>10</span> <span class='ocrx_word' id='word_1_86' title='bbox 208 1572 307 1642; x_wconf 79' lang='grc' dir='ltr'>παντὶ</span> <span class='ocrx_word' id='word_1_87' title='bbox 324 1580 466 1643; x_wconf 80' lang='grc' dir='ltr'>ποιεῖται</span> <span class='ocrx_word' id='word_1_88' title='bbox 483 1573 638 1670; x_wconf 85' lang='grc' dir='ltr'>πορείαν·</span> <span class='ocrx_word' id='word_1_89' title='bbox 658 1570 721 1670; x_wconf 84' lang='grc' dir='ltr'>την</span> <span class='ocrx_word' id='word_1_90' title='bbox 740 1569 808 1644; x_wconf 87' lang='grc' dir='ltr'>ἀπό</span> <span class='ocrx_word' id='word_1_91' title='bbox 825 1581 954 1671; x_wconf 80' lang='grc' dir='ltr'>τροπῆς</span> <span class='ocrx_word' id='word_1_92' title='bbox 982 1575 1037 1644; x_wconf 79' lang='grc' dir='ltr'>ἐπὶ</span> <span class='ocrx_word' id='word_1_93' title='bbox 1059 1572 1189 1673; x_wconf 80' lang='grc' dir='ltr'>τροπήν</span> <span class='ocrx_word' id='word_1_94' title='bbox 1213 1571 1367 1673; x_wconf 87' lang='grc' dir='ltr'>δηλαδή·</span> 
     </span>
     <span class='ocr_line' id='line_1_13' title="bbox 209 1707 1369 1814; baseline 0.003 -33"><span class='ocrx_word' id='word_1_95' title='bbox 209 1718 271 1809; x_wconf 77' lang='grc' dir='ltr'>τῆς</span> <span class='ocrx_word' id='word_1_96' title='bbox 287 1707 427 1810; x_wconf 69' lang='grc' dir='ltr'>θερινῆς</span> <span class='ocrx_word' id='word_1_97' title='bbox 443 1709 506 1810; x_wconf 84' lang='grc' dir='ltr'>τήν</span> <span class='ocrx_word' id='word_1_98' title='bbox 523 1708 727 1811; x_wconf 84' lang='grc' dir='ltr'>χειμερινήν,</span> <span class='ocrx_word' id='word_1_99' title='bbox 746 1713 806 1784; x_wconf 84' lang='grc' dir='ltr'>καὶ</span> <span class='ocrx_word' id='word_1_100' title='bbox 823 1709 950 1811; x_wconf 79' lang='grc' dir='ltr'>ταύτης</span> <span class='ocrx_word' id='word_1_101' title='bbox 968 1711 1068 1800; x_wconf 78' lang='grc' dir='ltr'>αὖθις</span> <span class='ocrx_word' id='word_1_102' title='bbox 1086 1715 1230 1812; x_wconf 82' lang='grc' dir='ltr'>ἐκείνην.</span> <span class='ocrx_word' id='word_1_103' title='bbox 1266 1712 1290 1814; x_wconf 83' lang='grc' dir='ltr'>ή</span> <span class='ocrx_word' id='word_1_104' title='bbox 1310 1715 1369 1811; x_wconf 79' lang='grc' dir='ltr'>μὲν</span> 
     </span>
     <span class='ocr_line' id='line_1_14' title="bbox 208 1845 1369 1952; baseline 0.003 -31"><span class='ocrx_word' id='word_1_105' title='bbox 208 1847 277 1949; x_wconf 87' lang='grc' dir='ltr'>γοὶρ</span> <span class='ocrx_word' id='word_1_106' title='bbox 296 1849 473 1950; x_wconf 92' lang='grc' dir='ltr'>ἀφίστησιν</span> <span class='ocrx_word' id='word_1_107' title='bbox 491 1845 603 1942; x_wconf 81' lang='grc' dir='ltr'>αὐτόν,</span> <span class='ocrx_word' id='word_1_108' title='bbox 622 1849 646 1951; x_wconf 84' lang='grc' dir='ltr'>ή</span> <span class='ocrx_word' id='word_1_109' title='bbox 666 1852 703 1923; x_wconf 81' lang='grc' dir='ltr'>δέ</span> <span class='ocrx_word' id='word_1_110' title='bbox 720 1850 881 1940; x_wconf 79' lang='grc' dir='ltr'>πελάζειν</span> <span class='ocrx_word' id='word_1_111' title='bbox 898 1851 979 1952; x_wconf 81' lang='grc' dir='ltr'>ήμῖν</span> <span class='ocrx_word' id='word_1_112' title='bbox 995 1863 1094 1944; x_wconf 80' lang='grc' dir='ltr'>ποιεῖ,</span> <span class='ocrx_word' id='word_1_113' title='bbox 1113 1855 1173 1925; x_wconf 83' lang='grc' dir='ltr'>καὶ</span> <span class='ocrx_word' id='word_1_114' title='bbox 1190 1849 1369 1952; x_wconf 84' lang='grc' dir='ltr'>ἀμήχανον</span> 
     </span>
     <span class='ocr_line' id='line_1_15' title="bbox 207 1987 1369 2091; baseline 0.003 -31"><span class='ocrx_word' id='word_1_115' title='bbox 207 1991 321 2088; x_wconf 83' lang='grc' dir='ltr'>τρίτην</span> <span class='ocrx_word' id='word_1_116' title='bbox 338 1987 411 2062; x_wconf 86' lang='grc' dir='ltr'>τινά</span> <span class='ocrx_word' id='word_1_117' title='bbox 424 1988 747 2089; x_wconf 31' lang='grc' dir='ltr'>κίνησινλέξευρόντα</span> <span class='ocrx_word' id='word_1_118' title='bbox 760 1989 868 2084; x_wconf 85' lang='grc' dir='ltr'>τούτῳ</span> <span class='ocrx_word' id='word_1_119' title='bbox 881 1991 1176 2089; x_wconf 66' lang='grc' dir='ltr'>προσαναθέσθαι.</span> <span class='ocrx_word' id='word_1_120' title='bbox 1209 1991 1288 2064; x_wconf 80' lang='grc' dir='ltr'>οὐδὲ</span> <span class='ocrx_word' id='word_1_121' title='bbox 1301 1991 1369 2091; x_wconf 88' lang='grc' dir='ltr'>γάρ</span> 
     </span>
     <span class='ocr_line' id='line_1_16' title="bbox 209 2125 1371 2230; baseline 0.002 -29"><span class='ocrx_word' id='word_1_122' title='bbox 209 2127 280 2201; x_wconf 75' lang='grc' dir='ltr'>οὐδ’</span> <span class='ocrx_word' id='word_1_123' title='bbox 304 2130 359 2201; x_wconf 76' lang='grc' dir='ltr'>ἐπὶ</span> <span class='ocrx_word' id='word_1_124' title='bbox 382 2126 421 2200; x_wconf 87' lang='grc' dir='ltr'>τό</span> <span class='ocrx_word' id='word_1_125' title='bbox 447 2127 516 2200; x_wconf 87' lang='grc' dir='ltr'>ἄνω</span> <span class='ocrx_word' id='word_1_126' title='bbox 540 2126 663 2201; x_wconf 81' lang='grc' dir='ltr'>καὶτὸ</span> <span class='ocrx_word' id='word_1_127' title='bbox 689 2125 784 2200; x_wconf 87' lang='grc' dir='ltr'>κάτιυ</span> <span class='ocrx_word' id='word_1_128' title='bbox 808 2130 917 2226; x_wconf 90' lang='grc' dir='ltr'>τρίτον</span> <span class='ocrx_word' id='word_1_129' title='bbox 942 2153 972 2199; x_wconf 90' lang='grc' dir='ltr'>τι</span> <span class='ocrx_word' id='word_1_130' title='bbox 995 2140 1263 2226; x_wconf 83' lang='grc' dir='ltr'>προσεπινοεῖται</span> <span class='ocrx_word' id='word_1_131' title='bbox 1286 2129 1371 2230; x_wconf 86' lang='grc' dir='ltr'>πρός</span> 
     </span>
    </p>
   </div>
   <div class='ocr_carea' id='block_1_4' title="bbox 143 2247 1511 2369">
    <p class='ocr_par' dir='ltr' id='par_1_4' title="bbox 143 2247 1511 2369">
     <span class='ocr_line' id='line_1_17' title="bbox 143 2247 1511 2369; baseline -0.006 -25"><span class='ocrx_word' id='word_1_132' title='bbox 143 2293 175 2344; x_wconf 88' lang='lat'>15</span> <span class='ocrx_word' id='word_1_133' title='bbox 208 2266 314 2366; x_wconf 92' lang='grc' dir='ltr'>λόγον</span> <span class='ocrx_word' id='word_1_134' title='bbox 332 2247 515 2369; x_wconf 85' lang='grc' dir='ltr'>κινήσεως·</span> <span class='ocrx_word' id='word_1_135' title='bbox 554 2267 696 2367; x_wconf 85' lang='grc' dir='ltr'>ούρανού</span> <span class='ocrx_word' id='word_1_136' title='bbox 722 2265 760 2339; x_wconf 78' lang='grc' dir='ltr'>δὲ</span> <span class='ocrx_word' id='word_1_137' title='bbox 785 2275 869 2366; x_wconf 86' lang='grc' dir='ltr'>γούν</span> <span class='ocrx_word' id='word_1_138' title='bbox 894 2269 1038 2366; x_wconf 84' lang='grc' dir='ltr'>σφαίρας</span> <span class='ocrx_word' id='word_1_139' title='bbox 1064 2269 1275 2366; x_wconf 79' lang='grc' dir='ltr'>κινουμένης,</span> <span class='ocrx_word' id='word_1_140' title='bbox 1301 2269 1369 2343; x_wconf 88' lang='grc' dir='ltr'>ἀνω</span> <span class='ocrx_word' id='word_1_141' title='bbox 1510 2313 1511 2336; x_wconf 61' lang='grc'>.</span> 
     </span>
    </p>
   </div>
   <div class='ocr_carea' id='block_1_5' title="bbox 208 2403 1372 2648">
    <p class='ocr_par' dir='ltr' id='par_1_5' title="bbox 208 2403 1372 2648">
     <span class='ocr_line' id='line_1_18' title="bbox 208 2403 1372 2507; baseline -0.001 -28"><span class='ocrx_word' id='word_1_142' title='bbox 208 2411 268 2480; x_wconf 84' lang='grc' dir='ltr'><strong>καί</strong></span> <span class='ocrx_word' id='word_1_143' title='bbox 281 2406 377 2480; x_wconf 85' lang='grc' dir='ltr'>κάτω</span> <span class='ocrx_word' id='word_1_144' title='bbox 389 2405 433 2482; x_wconf 88' lang='grc' dir='ltr'>τά</span> <span class='ocrx_word' id='word_1_145' title='bbox 445 2433 483 2480; x_wconf 91' lang='grc' dir='ltr'>τε</span> <span class='ocrx_word' id='word_1_146' title='bbox 495 2407 588 2480; x_wconf 90' lang='grc' dir='ltr'>νότια</span> <span class='ocrx_word' id='word_1_147' title='bbox 605 2411 665 2480; x_wconf 76' lang='grc' dir='ltr'>καὶ</span> <span class='ocrx_word' id='word_1_148' title='bbox 682 2407 725 2480; x_wconf 87' lang='grc' dir='ltr'>τά</span> <span class='ocrx_word' id='word_1_149' title='bbox 742 2406 867 2507; x_wconf 86' lang='grc' dir='ltr'>βόρεια.</span> <span class='ocrx_word' id='word_1_150' title='bbox 901 2409 974 2480; x_wconf 79' lang='grc' dir='ltr'>ἐπεὶ</span> <span class='ocrx_word' id='word_1_151' title='bbox 986 2409 1094 2480; x_wconf 93' lang='grc' dir='ltr'>τοίνυν</span> <span class='ocrx_word' id='word_1_152' title='bbox 1110 2403 1372 2507; x_wconf 86' lang='grc' dir='ltr'>ἀνωμολόγηται</span> 
     </span>
     <span class='ocr_line' id='line_1_19' title="bbox 209 2544 1369 2648; baseline -0.002 -29"><span class='ocrx_word' id='word_1_153' title='bbox 209 2548 375 2647; x_wconf 91' lang='grc' dir='ltr'>μηδεμίαν</span> <span class='ocrx_word' id='word_1_154' title='bbox 406 2548 538 2646; x_wconf 82' lang='grc' dir='ltr'>μᾶλλον</span> <span class='ocrx_word' id='word_1_155' title='bbox 567 2549 590 2648; x_wconf 85' lang='grc' dir='ltr'>ή</span> <span class='ocrx_word' id='word_1_156' title='bbox 616 2550 706 2647; x_wconf 88' lang='grc' dir='ltr'>πέρα</span> <span class='ocrx_word' id='word_1_157' title='bbox 730 2548 819 2620; x_wconf 88' lang='grc' dir='ltr'>δυεῖν</span> <span class='ocrx_word' id='word_1_158' title='bbox 845 2546 906 2636; x_wconf 88' lang='grc' dir='ltr'>τάς</span> <span class='ocrx_word' id='word_1_159' title='bbox 928 2545 1079 2647; x_wconf 79' lang='grc' dir='ltr'>ἡλιακὰς</span> <span class='ocrx_word' id='word_1_160' title='bbox 1105 2549 1188 2620; x_wconf 79' lang='grc' dir='ltr'>εἶναι</span> <span class='ocrx_word' id='word_1_161' title='bbox 1210 2544 1369 2646; x_wconf 80' lang='grc' dir='ltr'>κινήσεις,</span> 
     </span>
    </p>
   </div>
   <div class='ocr_carea' id='block_1_6' title="bbox 207 2685 1510 2790">
    <p class='ocr_par' dir='ltr' id='par_1_6' title="bbox 207 2685 1510 2790">
     <span class='ocr_line' id='line_1_20' title="bbox 207 2685 1510 2790; baseline -0.001 -32"><span class='ocrx_word' id='word_1_162' title='bbox 207 2689 308 2759; x_wconf 91' lang='grc' dir='ltr'>παντί</span> <span class='ocrx_word' id='word_1_163' title='bbox 322 2711 389 2759; x_wconf 90' lang='grc' dir='ltr'>που</span> <span class='ocrx_word' id='word_1_164' title='bbox 409 2691 515 2786; x_wconf 82' lang='grc' dir='ltr'>σαφὲς</span> <span class='ocrx_word' id='word_1_165' title='bbox 536 2691 596 2760; x_wconf 80' lang='grc' dir='ltr'>καὶ</span> <span class='ocrx_word' id='word_1_166' title='bbox 621 2686 681 2760; x_wconf 94' lang='grc' dir='ltr'>δύο</span> <span class='ocrx_word' id='word_1_167' title='bbox 706 2686 963 2787; x_wconf 86' lang='grc' dir='ltr'>καθεστηκέναι</span> <span class='ocrx_word' id='word_1_168' title='bbox 987 2685 1048 2775; x_wconf 88' lang='grc' dir='ltr'>τοὶς</span> <span class='ocrx_word' id='word_1_169' title='bbox 1072 2686 1180 2786; x_wconf 85' lang='grc' dir='ltr'>ὥρας,</span> <span class='ocrx_word' id='word_1_170' title='bbox 1206 2687 1371 2785; x_wconf 78' lang='grc' dir='ltr'>ἑκατέρας</span> <span class='ocrx_word' id='word_1_171' title='bbox 1509 2767 1510 2790; x_wconf 26' lang='grc' dir='ltr'>γ</span> 
     </span>
    </p>
   </div>
   <div class='ocr_carea' id='block_1_7' title="bbox 140 2824 1372 3622">
    <p class='ocr_par' dir='ltr' id='par_1_7' title="bbox 140 2824 1372 3622">
     <span class='ocr_line' id='line_1_21' title="bbox 209 2824 1372 2927; baseline 0.001 -31"><span class='ocrx_word' id='word_1_172' title='bbox 209 2825 455 2926; x_wconf 84' lang='grc' dir='ltr'>ἀποδιδομένης</span> <span class='ocrx_word' id='word_1_173' title='bbox 472 2837 515 2924; x_wconf 77' lang='grc' dir='ltr'>τη</span> <span class='ocrx_word' id='word_1_174' title='bbox 533 2825 717 2927; x_wconf 85' lang='grc' dir='ltr'>προσφόριμ</span> <span class='ocrx_word' id='word_1_175' title='bbox 735 2825 876 2926; x_wconf 88' lang='grc' dir='ltr'>κινήσει.</span> <span class='ocrx_word' id='word_1_176' title='bbox 908 2828 968 2898; x_wconf 82' lang='grc' dir='ltr'>καὶ</span> <span class='ocrx_word' id='word_1_177' title='bbox 986 2824 1056 2924; x_wconf 81' lang='grc' dir='ltr'>γὰρ</span> <span class='ocrx_word' id='word_1_178' title='bbox 1071 2824 1135 2898; x_wconf 88' lang='grc' dir='ltr'>ούκ</span> <span class='ocrx_word' id='word_1_179' title='bbox 1148 2825 1274 2898; x_wconf 91' lang='grc' dir='ltr'>ἀτοπον</span> <span class='ocrx_word' id='word_1_180' title='bbox 1287 2824 1372 2924; x_wconf 86' lang='grc' dir='ltr'>πρός</span> 
     </span>
     <span class='ocr_line' id='line_1_22' title="bbox 140 2961 1371 3067; baseline -0.001 -30"><span class='ocrx_word' id='word_1_181' title='bbox 140 2992 176 3047; x_wconf 81' lang='lat'>20</span> <span class='ocrx_word' id='word_1_182' title='bbox 207 2974 270 3064; x_wconf 83' lang='grc' dir='ltr'>τής</span> <span class='ocrx_word' id='word_1_183' title='bbox 288 2965 459 3065; x_wconf 87' lang='grc' dir='ltr'>ἀληθείας</span> <span class='ocrx_word' id='word_1_184' title='bbox 477 2966 584 3067; x_wconf 82' lang='grc' dir='ltr'>αύτής</span> <span class='ocrx_word' id='word_1_185' title='bbox 601 2970 661 3054; x_wconf 79' lang='grc' dir='ltr'>καὶ</span> <span class='ocrx_word' id='word_1_186' title='bbox 677 2976 744 3040; x_wconf 83' lang='grc' dir='ltr'>τῶν</span> <span class='ocrx_word' id='word_1_187' title='bbox 756 2965 873 3065; x_wconf 89' lang='grc' dir='ltr'>λόγων</span> <span class='ocrx_word' id='word_1_188' title='bbox 885 2975 948 3066; x_wconf 73' lang='grc' dir='ltr'>τῆς</span> <span class='ocrx_word' id='word_1_189' title='bbox 963 2963 1121 3065; x_wconf 87' lang='grc' dir='ltr'>ἰσότητος,</span> <span class='ocrx_word' id='word_1_190' title='bbox 1131 2966 1291 3063; x_wconf 85' lang='grc' dir='ltr'>ἔκφυλον,</span> <span class='ocrx_word' id='word_1_191' title='bbox 1311 2961 1371 3036; x_wconf 93' lang='grc' dir='ltr'>δύο</span> 
     </span>
     <span class='ocr_line' id='line_1_23' title="bbox 207 3102 1370 3204; baseline 0 -28"><span class='ocrx_word' id='word_1_192' title='bbox 207 3102 268 3192; x_wconf 91' lang='grc' dir='ltr'>τάς</span> <span class='ocrx_word' id='word_1_193' title='bbox 282 3103 430 3204; x_wconf 90' lang='grc' dir='ltr'>κινήσεις</span> <span class='ocrx_word' id='word_1_194' title='bbox 443 3106 608 3204; x_wconf 90' lang='grc' dir='ltr'>λέγοντας</span> <span class='ocrx_word' id='word_1_195' title='bbox 620 3108 782 3204; x_wconf 88' lang='grc' dir='ltr'>τέτταρας</span> <span class='ocrx_word' id='word_1_196' title='bbox 795 3103 994 3178; x_wconf 78' lang='grc' dir='ltr'>ὑποθέσθαι</span> <span class='ocrx_word' id='word_1_197' title='bbox 1006 3103 1068 3192; x_wconf 89' lang='grc' dir='ltr'>τάς</span> <span class='ocrx_word' id='word_1_198' title='bbox 1086 3104 1192 3204; x_wconf 80' lang='grc' dir='ltr'>ὥρας·</span> <span class='ocrx_word' id='word_1_199' title='bbox 1211 3106 1271 3176; x_wconf 84' lang='grc' dir='ltr'>καί</span> <span class='ocrx_word' id='word_1_200' title='bbox 1285 3129 1370 3202; x_wconf 90' lang='grc' dir='ltr'>παρ-</span> 
     </span>
     <span class='ocr_line' id='line_1_24' title="bbox 210 3242 1370 3345; baseline -0.001 -29"><span class='ocrx_word' id='word_1_201' title='bbox 210 3247 343 3343; x_wconf 86' lang='grc' dir='ltr'>ενείρειν</span> <span class='ocrx_word' id='word_1_202' title='bbox 360 3253 502 3344; x_wconf 82' lang='grc' dir='ltr'>χειμῶνι</span> <span class='ocrx_word' id='word_1_203' title='bbox 520 3249 579 3343; x_wconf 81' lang='grc' dir='ltr'>μέν</span> <span class='ocrx_word' id='word_1_204' title='bbox 598 3249 678 3345; x_wconf 79' lang='grc' dir='ltr'>ἔαρ,</span> <span class='ocrx_word' id='word_1_205' title='bbox 703 3244 800 3342; x_wconf 88' lang='grc' dir='ltr'>θέρει</span> <span class='ocrx_word' id='word_1_206' title='bbox 825 3245 863 3316; x_wconf 83' lang='grc' dir='ltr'>δέ</span> <span class='ocrx_word' id='word_1_207' title='bbox 879 3242 981 3317; x_wconf 84' lang='grc' dir='ltr'>πάλιν</span> <span class='ocrx_word' id='word_1_208' title='bbox 1001 3243 1237 3343; x_wconf 85' lang='grc' dir='ltr'>ὥρανέτέραν,</span> <span class='ocrx_word' id='word_1_209' title='bbox 1258 3243 1370 3341; x_wconf 83' lang='grc' dir='ltr'>ὥσπερ</span> 
     </span>
     <span class='ocr_line' id='line_1_25' title="bbox 209 3381 1369 3482; baseline -0.001 -27"><span class='ocrx_word' id='word_1_210' title='bbox 209 3385 249 3455; x_wconf 85' lang='grc' dir='ltr'>ἀν</span> <span class='ocrx_word' id='word_1_211' title='bbox 274 3387 303 3456; x_wconf 85' lang='grc' dir='ltr'>εἰ</span> <span class='ocrx_word' id='word_1_212' title='bbox 327 3383 422 3482; x_wconf 88' lang='grc' dir='ltr'>παραὶ</span> <span class='ocrx_word' id='word_1_213' title='bbox 443 3393 542 3456; x_wconf 85' lang='grc' dir='ltr'>τούτο</span> <span class='ocrx_word' id='word_1_214' title='bbox 570 3383 693 3482; x_wconf 82' lang='grc' dir='ltr'>μείζων</span> <span class='ocrx_word' id='word_1_215' title='bbox 711 3383 729 3455; x_wconf 89' lang='grc' dir='ltr'>ό</span> <span class='ocrx_word' id='word_1_216' title='bbox 747 3382 896 3471; x_wconf 81' lang='grc' dir='ltr'>ἐνιαυτός</span> <span class='ocrx_word' id='word_1_217' title='bbox 915 3385 1037 3455; x_wconf 78' lang='grc' dir='ltr'>ἑαυτοῦ</span> <span class='ocrx_word' id='word_1_218' title='bbox 1055 3381 1213 3481; x_wconf 90' lang='grc' dir='ltr'>γίνεσθαι</span> <span class='ocrx_word' id='word_1_219' title='bbox 1231 3383 1369 3481; x_wconf 72' lang='grc' dir='ltr'>μέλλοι,</span> 
     </span>
     <span class='ocr_line' id='line_1_26' title="bbox 208 3520 1371 3622; baseline -0.002 -28"><span class='ocrx_word' id='word_1_220' title='bbox 208 3521 280 3621; x_wconf 80' lang='grc' dir='ltr'>ἐγώ</span> <span class='ocrx_word' id='word_1_221' title='bbox 299 3523 336 3594; x_wconf 81' lang='grc' dir='ltr'>δέ</span> <span class='ocrx_word' id='word_1_222' title='bbox 355 3520 398 3622; x_wconf 81' lang='grc' dir='ltr'>δή</span> <span class='ocrx_word' id='word_1_223' title='bbox 417 3525 478 3594; x_wconf 84' lang='grc' dir='ltr'>καὶ</span> <span class='ocrx_word' id='word_1_224' title='bbox 496 3523 584 3594; x_wconf 88' lang='grc' dir='ltr'>είδον</span> <span class='ocrx_word' id='word_1_225' title='bbox 602 3525 657 3594; x_wconf 80' lang='grc' dir='ltr'>ἐπὶ</span> <span class='ocrx_word' id='word_1_226' title='bbox 674 3521 809 3622; x_wconf 91' lang='grc' dir='ltr'>λιθίνης</span> <span class='ocrx_word' id='word_1_227' title='bbox 828 3520 957 3610; x_wconf 84' lang='grc' dir='ltr'>εἰκόνος</span> <span class='ocrx_word' id='word_1_228' title='bbox 974 3520 1105 3593; x_wconf 82' lang='grc' dir='ltr'>κύκλον</span> <span class='ocrx_word' id='word_1_229' title='bbox 1128 3521 1201 3594; x_wconf 89' lang='grc' dir='ltr'>τινά</span> <span class='ocrx_word' id='word_1_230' title='bbox 1219 3546 1371 3620; x_wconf 89' lang='grc' dir='ltr'>γεγραμ-</span> 
     </span>
    </p>
   </div>
   <div class='ocr_carea' id='block_1_8' title="bbox 140 3657 1508 3760">
    <p class='ocr_par' dir='ltr' id='par_1_8' title="bbox 140 3657 1508 3760">
     <span class='ocr_line' id='line_1_27' title="bbox 140 3657 1508 3760; baseline -0.008 -20"><span class='ocrx_word' id='word_1_231' title='bbox 140 3687 173 3740; x_wconf 85' lang='lat'>25</span> <span class='ocrx_word' id='word_1_232' title='bbox 209 3663 318 3759; x_wconf 89' lang='grc' dir='ltr'>μένον,</span> <span class='ocrx_word' id='word_1_233' title='bbox 338 3665 397 3733; x_wconf 80' lang='grc' dir='ltr'>καὶ</span> <span class='ocrx_word' id='word_1_234' title='bbox 410 3671 528 3734; x_wconf 78' lang='grc' dir='ltr'>τοῦτον</span> <span class='ocrx_word' id='word_1_235' title='bbox 542 3661 758 3760; x_wconf 80' lang='grc' dir='ltr'>ἑκατέρωθεν</span> <span class='ocrx_word' id='word_1_236' title='bbox 773 3672 915 3760; x_wconf 81' lang='grc' dir='ltr'>γυναῖκε</span> <span class='ocrx_word' id='word_1_237' title='bbox 928 3659 998 3735; x_wconf 86' lang='grc' dir='ltr'>δύω</span> <span class='ocrx_word' id='word_1_238' title='bbox 1011 3659 1256 3760; x_wconf 87' lang='grc' dir='ltr'>πτερυγοφόρω</span> <span class='ocrx_word' id='word_1_239' title='bbox 1271 3657 1371 3746; x_wconf 87' lang='grc' dir='ltr'>δόξαν</span> <span class='ocrx_word' id='word_1_240' title='bbox 1507 3705 1508 3712; x_wconf 41' lang='lat'>1</span> 
     </span>
    </p>
   </div>
   <div class='ocr_carea' id='block_1_9' title="bbox 208 3799 1371 3902">
    <p class='ocr_par' dir='ltr' id='par_1_9' title="bbox 208 3799 1371 3902">
     <span class='ocr_line' id='line_1_28' title="bbox 208 3799 1371 3902; baseline -0.003 -28"><span class='ocrx_word' id='word_1_241' title='bbox 208 3802 417 3902; x_wconf 81' lang='grc' dir='ltr'>παρειχέτην</span> <span class='ocrx_word' id='word_1_242' title='bbox 434 3813 506 3890; x_wconf 80' lang='grc' dir='ltr'>ταῖς</span> <span class='ocrx_word' id='word_1_243' title='bbox 523 3802 622 3901; x_wconf 83' lang='grc' dir='ltr'>χερσὶ</span> <span class='ocrx_word' id='word_1_244' title='bbox 638 3803 878 3900; x_wconf 81' lang='grc' dir='ltr'>περιστρέφειν.</span> <span class='ocrx_word' id='word_1_245' title='bbox 915 3800 1037 3900; x_wconf 80' lang='grc' dir='ltr'>θαῦμα</span> <span class='ocrx_word' id='word_1_246' title='bbox 1054 3801 1092 3873; x_wconf 83' lang='grc' dir='ltr'>δὲ</span> <span class='ocrx_word' id='word_1_247' title='bbox 1105 3799 1199 3901; x_wconf 83' lang='grc' dir='ltr'>σχών</span> <span class='ocrx_word' id='word_1_248' title='bbox 1212 3808 1275 3898; x_wconf 77' lang='grc' dir='ltr'>τῆς</span> <span class='ocrx_word' id='word_1_249' title='bbox 1287 3823 1371 3897; x_wconf 92' lang='grc' dir='ltr'>γρα-</span> 
     </span>
    </p>
   </div>
   <div class='ocr_carea' id='block_1_10' title="bbox 208 3937 1507 4056">
    <p class='ocr_par' dir='ltr' id='par_1_10' title="bbox 208 3937 1507 4056">
     <span class='ocr_line' id='line_1_29' title="bbox 208 3937 1507 4056; baseline -0.002 -44"><span class='ocrx_word' id='word_1_250' title='bbox 208 3950 288 4041; x_wconf 79' lang='grc' dir='ltr'>φῆς,</span> <span class='ocrx_word' id='word_1_251' title='bbox 308 3939 387 4012; x_wconf 83' lang='grc' dir='ltr'>ούδὲ</span> <span class='ocrx_word' id='word_1_252' title='bbox 404 3939 473 4040; x_wconf 88' lang='grc' dir='ltr'>γάρ</span> <span class='ocrx_word' id='word_1_253' title='bbox 492 3941 542 4013; x_wconf 85' lang='grc' dir='ltr'>ότι</span> <span class='ocrx_word' id='word_1_254' title='bbox 560 3938 718 4039; x_wconf 86' lang='grc' dir='ltr'>βούλεται</span> <span class='ocrx_word' id='word_1_255' title='bbox 736 3942 830 4040; x_wconf 79' lang='grc' dir='ltr'>εἶχον</span> <span class='ocrx_word' id='word_1_256' title='bbox 848 3951 1001 4031; x_wconf 88' lang='grc' dir='ltr'>συνεῖναι,</span> <span class='ocrx_word' id='word_1_257' title='bbox 1021 3937 1199 4039; x_wconf 85' lang='grc' dir='ltr'>έπηρόμην</span> <span class='ocrx_word' id='word_1_258' title='bbox 1215 3946 1282 4008; x_wconf 83' lang='grc' dir='ltr'>τῶν</span> <span class='ocrx_word' id='word_1_259' title='bbox 1298 3962 1372 4010; x_wconf 90' lang='grc' dir='ltr'>τινα</span> <span class='ocrx_word' id='word_1_260' title='bbox 1506 4009 1507 4056; x_wconf 47' lang='grc' dir='ltr'>γ</span> 
     </span>
    </p>
   </div>
   <div class='ocr_carea' id='block_1_11' title="bbox 208 4076 1372 4181">
    <p class='ocr_par' dir='ltr' id='par_1_11' title="bbox 208 4076 1372 4181">
     <span class='ocr_line' id='line_1_30' title="bbox 208 4076 1372 4181; baseline -0.004 -27"><span class='ocrx_word' id='word_1_261' title='bbox 208 4077 468 4180; x_wconf 87' lang='grc' dir='ltr'>προσεστύτων,</span> <span class='ocrx_word' id='word_1_262' title='bbox 503 4080 553 4152; x_wconf 87' lang='grc' dir='ltr'>ότι</span> <span class='ocrx_word' id='word_1_263' title='bbox 576 4077 704 4179; x_wconf 92' lang='grc' dir='ltr'>δήποτε</span> <span class='ocrx_word' id='word_1_264' title='bbox 730 4081 903 4181; x_wconf 90' lang='grc' dir='ltr'>σημαίνειν</span> <span class='ocrx_word' id='word_1_265' title='bbox 921 4076 939 4150; x_wconf 90' lang='grc' dir='ltr'>ό</span> <span class='ocrx_word' id='word_1_266' title='bbox 957 4079 1194 4177; x_wconf 90' lang='grc' dir='ltr'>γεγλυμμένος</span> <span class='ocrx_word' id='word_1_267' title='bbox 1211 4077 1283 4175; x_wconf 82' lang='grc' dir='ltr'>ἅμα</span> <span class='ocrx_word' id='word_1_268' title='bbox 1303 4087 1372 4149; x_wconf 86' lang='grc' dir='ltr'>τοῖν</span> 
     </span>
    </p>
   </div>
   <div class='ocr_carea' id='block_1_12' title="bbox 209 4214 1371 4336">
    <p class='ocr_par' dir='ltr' id='par_1_12' title="bbox 209 4203 1506 4340">
     <span class='ocr_line' id='line_1_31' title="bbox 209 4214 1371 4336; baseline -0.002 -42"><span class='ocrx_word' id='word_1_269' title='bbox 209 4225 358 4322; x_wconf 89' lang='grc' dir='ltr'>γυναίοιν</span> <span class='ocrx_word' id='word_1_270' title='bbox 377 4219 493 4292; x_wconf 86' lang='grc' dir='ltr'>ἐθέλει</span> <span class='ocrx_word' id='word_1_271' title='bbox 509 4217 644 4320; x_wconf 82' lang='grc' dir='ltr'>τροχός.</span> <span class='ocrx_word' id='word_1_272' title='bbox 681 4223 741 4336; x_wconf 83' lang='grc' dir='ltr'>καὶ</span> <span class='ocrx_word' id='word_1_273' title='bbox 758 4221 796 4308; x_wconf 86' lang='grc' dir='ltr'>ὃς</span> <span class='ocrx_word' id='word_1_274' title='bbox 814 4215 1041 4320; x_wconf 77' lang='grc' dir='ltr'>ἐξηγούμενος</span> <span class='ocrx_word' id='word_1_275' title='bbox 1064 4215 1127 4316; x_wconf 79' lang='grc' dir='ltr'>τήν</span> <span class='ocrx_word' id='word_1_276' title='bbox 1152 4214 1287 4289; x_wconf 84' lang='grc' dir='ltr'>εἰκόνα·</span> <span class='ocrx_word' id='word_1_277' title='bbox 1314 4214 1371 4288; x_wconf 84' lang='grc' dir='ltr'>τόν</span> 
     </span>
    </p>
   </div>
   <div class='ocr_carea' id='block_1_13' title="bbox 140 4353 1370 4459">
    <p class='ocr_par' dir='ltr' id='par_1_13' title="bbox 140 4353 1370 4459">
     <span class='ocr_line' id='line_1_32' title="bbox 140 4353 1370 4459; baseline -0.006 -26"><span class='ocrx_word' id='word_1_278' title='bbox 140 4372 176 4427; x_wconf 85' lang='grc'>30</span> <span class='ocrx_word' id='word_1_279' title='bbox 211 4364 271 4459; x_wconf 82' lang='grc' dir='ltr'>μέν</span> <span class='ocrx_word' id='word_1_280' title='bbox 287 4359 430 4452; x_wconf 88' lang='grc' dir='ltr'>κύκλον,</span> <span class='ocrx_word' id='word_1_281' title='bbox 450 4363 610 4458; x_wconf 88' lang='grc' dir='ltr'>έφαοκεν,</span> <span class='ocrx_word' id='word_1_282' title='bbox 630 4359 765 4458; x_wconf 80' lang='grc' dir='ltr'>ὦγαθέ,</span> <span class='ocrx_word' id='word_1_283' title='bbox 784 4357 841 4431; x_wconf 84' lang='grc' dir='ltr'>τόν</span> <span class='ocrx_word' id='word_1_284' title='bbox 855 4354 1004 4430; x_wconf 80' lang='grc' dir='ltr'>ἐνιαυτόν</span> <span class='ocrx_word' id='word_1_285' title='bbox 1018 4381 1075 4455; x_wconf 90' lang='grc' dir='ltr'>μοι</span> <span class='ocrx_word' id='word_1_286' title='bbox 1087 4354 1236 4457; x_wconf 89' lang='grc' dir='ltr'>νοήσαις.</span> <span class='ocrx_word' id='word_1_287' title='bbox 1271 4353 1319 4428; x_wconf 79' lang='grc' dir='ltr'>τύ</span> <span class='ocrx_word' id='word_1_288' title='bbox 1333 4355 1370 4426; x_wconf 79' lang='grc' dir='ltr'>δὲ</span> 
     </span>
    </p>
   </div>
   <div class='ocr_carea' id='block_1_14' title="bbox 0 0 1534 4732">
    <p class='ocr_par' dir='ltr' id='par_1_14' title="bbox 0 0 1534 4732">
     <span class='ocr_line' id='line_1_33' title="bbox 0 0 1534 4732; baseline 0 0"><span class='ocrx_word' id='word_1_289' title='bbox 0 0 1534 4732; x_wconf 95' lang='lat' dir='ltr'> </span> 
     </span>
    </p>
   </div>
  </div>
 </body>
</html>
