3058 4732
777 119 821 190 1ss

699 219 899 228 ᾐ-

216 339 373 436 κουρίας,
400 336 455 410 διά
473 336 515 439 δή
534 348 642 413 ταῦτα
658 342 718 436 καὶ
735 339 813 428 τούς
829 341 1008 430 πλείστους
1025 341 1153 436 αὐτῶν,
1183 347 1213 416 εἰ
1230 344 1277 444 μή
1296 344 1379 420 πάν-

216 503 287 569 τας,
308 477 461 578 ἰατρικήν
479 476 662 578 μετιόντας.
700 479 779 554 οὐδὲ
796 479 865 580 γάρ
884 483 984 556 οίοίτε
1008 485 1071 556 εἰσί
1095 483 1325 582 διαγίνεσθαι,
1351 489 1380 560 εἰ

217 616 264 718 μῆ
284 622 522 720 χειροποίητον
540 621 671 708 ἑαυτοῖς
684 630 838 722 χειμῶνα
852 620 907 694 διά
921 621 1122 722 φαρμάκων,
1137 622 1193 696 διά
1205 624 1378 724 πομάτων,

216 759 271 834 διά
287 763 428 835 πολλῶν
446 763 562 836 ἀλλων
583 762 822 864 ἐπιτηδεύοιεν.
867 763 1000 865 νοήσεις
1024 766 1062 838 δέ
1086 763 1225 855 τούτους
1242 764 1379 858 Ἰνδούς,

166 918 181 970 5
215 898 407 994 Αἰθίοπας,
432 899 563 1001 Λίβυας
583 905 643 976 καὶ
663 902 772 976 πολύν
790 904 897 976 ἀλλον
915 904 1031 1003 ὅμιλον
1050 904 1305 1006 δυστυχούντων
1324 905 1379 979 ἀν-

215 1039 377 1142 θρώπων.
415 1045 443 1116 εἰ
461 1043 499 1114 δέ
516 1044 576 1115 καί
594 1045 649 1116 ἐπί
665 1041 728 1143 τῆν
747 1051 807 1116 τού
833 1046 1025 1144 ίσημερινοῶ
1050 1043 1147 1118 θέσιν
1169 1045 1280 1146 ἥξεις,
1308 1048 1383 1119 ἐκεῖ

215 1181 278 1280 τῆν
294 1191 354 1255 τοῶ
373 1184 493 1281 γένους
509 1181 696 1283 θρηνήσεις
713 1182 965 1283 πανωλεθρίαν,
984 1187 1044 1258 καί
1060 1184 1124 1285 τήν
1137 1185 1307 1286 ᾀδομένην
1322 1189 1379 1258 ἐκ·

215 1320 364 1422 πύρωσιν
381 1331 441 1394 τοῦ
458 1311 584 1412 παντὸς
601 1327 661 1396 καὶ
679 1323 792 1398 ούκέτι
809 1333 991 1425 ποιητικῆς
1009 1325 1208 1424 αύτονομίας
1234 1328 1316 1398 είναι
1340 1323 1378 1398 τὸ

216 1460 307 1535 κατά
324 1460 381 1535 τὸν
402 1461 590 1536 Φαέθοντα
615 1462 745 1564 φήσεις.
783 1463 894 1563 μόνοις
919 1467 1042 1565 ἰατροῖς
1066 1464 1253 1565 ἀσυντελής
1271 1464 1289 1538 ό
1307 1491 1379 1566 χει-

150 1623 183 1675 ιυ
217 1600 298 1701 μιύν.
335 1599 455 1674 τούτου
473 1601 542 1702 γάρ
562 1602 687 1704 ἀπαθῆ
705 1613 888 1704 τηροῦντος
903 1603 946 1677 τά
965 1602 1126 1703 σώματα,
1153 1605 1217 1678 ούκ
1243 1608 1379 1706 ἐχουσιν

217 1744 264 1830 εἰς
281 1741 331 1815 ότι
347 1750 390 1840 τῆ
410 1743 517 1842 τέχνη
541 1741 739 1843 χρήσαιντο.
772 1746 832 1816 καὶ
855 1753 921 1817 τῶν
947 1744 1063 1817 ἀλλων
1088 1745 1206 1833 καλῶς
1229 1743 1379 1846 ἐχόντων

216 1882 307 1956 ούτοι
323 1891 457 1956 νοσοῦσι
474 1883 589 1970 δεινῶς
606 1885 666 1955 καί
682 1882 745 1982 τῆν
770 1885 899 1958 ἑαυτῶν
923 1882 1377 1984 ὀλοφύρονται-κακοδαιμο-

215 2025 298 2115 νίαν,
318 2025 353 2094 έν
371 2020 522 2120 ἀφθονίᾳ
539 2021 657 2095 καλῶν
676 2020 900 2122 ἀπορούμενοι
917 2026 977 2096 καί
995 2026 1030 2096 ἐν
1049 2026 1161 2124 μέσοις
1177 2035 1246 2113 τοῖς
1263 2050 1377 2126 χειμε-

216 2166 296 2262 ρίοις
313 2162 412 2236 ὕδασι
430 2159 637 2234 Ταντάλειον
655 2159 877 2261 ύπομένοντες
895 2163 1006 2261 δίψαν.

150 2326 181 2379 15
318 2300 368 2374 Σύ
387 2301 419 2374 δ’
442 2305 470 2375 εἰ
488 2300 615 2400 βούλει,
634 2304 694 2374 καί
710 2300 788 2375 τόδε
806 2312 998 2402 σκοπῶμεν.

319 2440 364 2514 Τί
378 2441 417 2514 τὸ
436 2443 483 2530 είς
499 2439 686 2541 ύπόμνησιν
702 2439 795 2541 ήμάς
813 2442 898 2541 ἀγον
916 2452 979 2542 τῆς
994 2440 1167 2541 ἀνθρῶπῳ
1180 2439 1377 2541 πρεπούσης

215 2581 410 2682 διαγωγῆς;
430 2581 498 2682 ούχ
513 2580 531 2654 ό
549 2579 697 2682 χειμύν;
716 2579 878 2682 πρότερον
896 2584 957 2680 μὲν
974 2581 1042 2681 γάρ
1062 2579 1107 2669 ῶς
1123 2581 1166 2654 τά
1183 2581 1292 2682 θηρία
1310 2582 1376 2680 βιο-

213 2721 320 2796 τεύειν
337 2725 431 2825 εἰχον
450 2724 481 2796 οἱ
499 2721 691 2822 ἄνθρωποι,
716 2723 780 2822 όρη
799 2725 859 2795 καὶ
875 2721 986 2811 νάπας
1004 2725 1191 2814 οἰκοῦντες,
1217 2723 1240 2822 ῆ
1259 2723 1377 2796 κοῖλον

214 2860 416 2951 ύποδύοντες
433 2862 585 2962 δένδρον,
611 2860 722 2961 ήύπό
745 2861 920 2962 προβολήν
943 2865 1070 2961 πέτρας
1086 2859 1328 2960 κρυπτόμενοι,
1352 2863 1376 2960 ῆ

147 3028 182 3082 20
215 3005 262 3090 εἰς
287 3004 351 3102 ἐλη
376 2999 639 3101 καταδυόμενοι·
668 3004 728 3074 καί
752 2999 863 3074 πάντα
886 3001 930 3100 ῆν
958 3001 1070 3089 αὐτοῖς
1093 2999 1177 3100 πρὸς
1201 2999 1245 3072 τά
1268 3000 1378 3100 θηρία

214 3140 323 3234 κοινά,
341 3141 380 3215 τὸ
399 3142 551 3240 ἄμικτον,
570 3139 609 3214 τὸ
628 3138 865 3240 ἀκοινώνητον,
884 3138 922 3213 τό
942 3139 1147 3239 ἀμείλικτον.
1183 3137 1319 3240 χρόνοις
1342 3138 1373 3210 δ’

213 3281 351 3380 ύστερον
377 3290 421 3380 τῆ
447 3279 527 3353 κατ’
549 3279 667 3379 ὀλίγον
691 3278 853 3380 αἰσθήσει
883 3278 1127 3378 συλλεξάμενοι
1157 3277 1285 3352 σύνεσιν
1317 3280 1377 3350 καὶ

213 3420 305 3494 κατά
321 3419 451 3520 δήμους
469 3418 649 3509 συστάντες
665 3422 725 3492 καί
741 3417 860 3508 πόλεις
878 3417 1088 3520 ἐξεπόνησαν
1101 3421 1160 3492 καί
1174 3421 1282 3507 οἰκίας
1295 3418 1377 3490 ἐδεί-

215 3585 336 3658 μαντο,
372 3563 419 3649 εἰς
443 3559 484 3648 ἀς
509 3557 766 3659 καταφυγόντες
790 3562 850 3632 καὶ
872 3557 1012 3646 θάλπος
1037 3557 1293 3657 ἀπεκρούσαντο
1318 3559 1379 3628 καί

146 3723 179 3776 25
214 3697 407 3798 ύπερβολάς
445 3696 574 3792 ύετῶν,
615 3699 672 3772 ότε
712 3697 755 3798 δή
792 3708 926 3798 πρῶτον
961 3701 1022 3770 καί
1061 3697 1237 3797 ἄνθρωποι
1274 3697 1377 3784 όντως

214 3841 368 3938 έγνωσαν
396 3840 507 3927 ὄντες·
542 3838 636 3912 ἀλλά
658 3843 718 3912 καί
741 3836 819 3912 τότε
844 3841 905 3937 μὲν
929 3837 947 3911 ὁ
971 3836 1101 3939 χειμών
1126 3834 1249 3923 αύτούς
1276 3833 1373 3907 ταῦτ’

215 3979 394 4052 ἐπαίδευσε
411 3975 599 4066 συνελάσας
620 3981 667 4066 εἰς
691 3977 752 4066 τάς
777 3980 901 4066 οἰκίας·
927 3981 987 4051 καί
1010 3985 1067 4051 νύν
1091 3977 1129 4048 δὲ
1156 3975 1253 4047 οὐδὲν
1276 3973 1378 4074 ῆττον

214 4116 322 4204 πολύς
340 4119 491 4216 ἔγκειται
509 4118 623 4217 βιοτῆς
642 4116 859 4218 ἀνθρωπίνης
873 4114 1138 4216 ἀναμιμνήσκων
1157 4113 1394 4215 ἀντέχεσθαι..

216 4257 281 4328 κάν
298 4282 365 4329 που
383 4257 671 4329 λειποτακτούντα
695 4255 758 4355 τῆν
781 4255 879 4354 ιρύσιν
903 4255 1003 4355 μάθη
1020 4254 1094 4328 τινά
1110 4258 1171 4329 καί
1188 4253 1378 4328 ἀπελευθε-

144 4405 181 4463 30
215 4393 394 4494 ριάζοντα,
422 4395 509 4468 ὥστε
537 4394 584 4493 μῆ
609 4394 701 4466 κατά
724 4395 782 4467 τὸν
805 4399 959 4494 κείμενον
983 4393 1114 4494 θεσμόν
1139 4399 1186 4485 εἰς
1209 4396 1378 4468 συνοικίαν
