3058 4732
681 71 725 141 19

611 169 813 182 ,.--.-..........,

121 293 348 385 ἐπιτίθεσθαι,
368 294 427 365 καὶ
444 289 573 381 τούτοις
587 289 651 392 ζὴν
666 294 701 365 ἐν
715 291 812 366 ἀδεεῖ
820 293 1141 393 προσφιλοτιμεῖται.
1161 296 1196 366 ἐν
1211 295 1284 394 ἔαρι

121 437 158 508 δέ
175 433 281 521 πόσος
300 431 446 532 ὄλεθρος
462 441 529 504 τῶν
546 429 714 505 τοιούτων.
751 433 825 504 τίνα
843 431 908 504 ούκ
935 433 975 504 ἀν
1001 430 1179 505 συνελάσοι
1200 431 1284 533 πρός

122 539 233 649 οίκτον
252 571 382 673 όρῶντα
399 570 442 646 τά
460 575 520 671 μέν
538 571 685 672 ἄρκτοις,
704 571 747 645 τοὶ
764 572 803 644 δὲ
820 573 965 665 λέουσιν,
984 573 1053 644 έστι
1071 573 1109 644 δέ
1127 571 1150 645 ἀ
1166 570 1285 662 λύκοις

121 719 265 802 καὶτοῖς
283 714 401 802 ἀλλοις
418 711 525 813 θηρσί
543 709 771 810 διασπῶμενα·
797 713 857 784 καί
874 721 1010 814 πτηνῶν
1027 712 1065 785 δέ
1084 713 1107 785 όί
1125 715 1185 811 μέν
1202 724 1282 805 τοῖς,

121 856 199 929 ἃδέ
216 864 284 942 τοῖς
301 861 367 926 τῶν
385 850 629 953 γαμψωνύχων
647 853 801 940 ἐλεεινῶς
819 850 1093 952 σπαρασσόμενα.

223 995 400 1095 Χειμῶνος
426 997 486 1068 καί
516 997 565 1084 οίς
591 993 766 1095 ἄνθρωποι
792 995 969 1094 τρέφονται
999 993 1113 1096 γὴθεν
1144 989 1284 1091 φύονται

122 1139 182 1211 καὶ
199 1135 236 1208 τό
254 1138 314 1236 ἔαρ
333 1132 536 1235 ύπερβάντα,
557 1133 734 1223 ἀπαξιοῦσι
752 1131 820 1234 γάρ
839 1135 874 1207 έν
892 1133 984 1230 αύτῷ
999 1132 1282 1234 συγκομίζεσθαι,

122 1277 216 1376 θέρει
232 1277 390 1375 προσίασι
416 1275 565 1371 κάκείνῳ
582 1273 645 1375 τὴν
664 1277 856 1373 οἰκονομίαν
876 1275 1005 1348 ἑαυτῶν
1026 1273 1282 1376 ἐγχειρίζουσιν.

123 1417 207 1489 είδον
226 1414 296 1515 έγῶ
314 1416 374 1486 καί
390 1437 462 1487 τινα
480 1415 693 1514 φυτηκομίας
711 1412 950 1514 ἐμπειρότατον
968 1417 1004 1487 ἐν
1022 1412 1143 1511 εἰσόδῳ
1157 1423 1283 1516 χειμῶ-

120 1582 175 1644 νος
193 1551 397 1653 ὀφθαλμούς
412 1579 466 1654 μοι
480 1552 571 1642 τινάς
590 1556 624 1626 έν
642 1563 711 1643 τοῖς
728 1563 794 1628 τῶν
812 1553 957 1654 δένδρων
976 1557 1082 1656 έρνεσι
1100 1555 1283 1654 φυλλοκρι-
1321 1569 1353 1646 ιο

119 1692 242 1768 νοῶντά
261 1719 298 1766 τε
315 1696 374 1766 καί
392 1691 567 1766 δεικνύντα
583 1691 662 1782 τούς
681 1696 741 1792 μέν
760 1702 972 1794 σφριγῶντας
988 1696 1049 1767 καί
1066 1697 1135 1768 οἶον
1153 1693 1284 1768 ῶδίνον-

119 1861 191 1926 τας,
212 1833 270 1922 οθς
288 1835 347 1906 καί
364 1831 498 1922 πάντως
515 1819 791 1934 καρποφορήσειν
806 1831 889 1907 αύτό
902 1831 940 1907 τό
955 1836 1029 1923 έτος
1043 1834 1282 1937 διισχυρίζετο·
1327 1807 1330 1813 Α

119 1971 198 2062 τούς
228 1972 265 2046 δέ
289 1974 542 2074 πεπιλημένους
573 1975 633 2044 καί
666 1973 1044 2074 τεταλαιπωρημένους,
1080 1973 1126 2047 ῶν
1156 1972 1285 2064 πάντας
1327 1976 1330 1982 ’

122 2111 392 2212 ἀπεστειρῶσθαι
408 2111 447 2185 τό
466 2111 548 2185 αύτό
566 2111 656 2187 τοῦτ’
678 2115 828 2212 ἔφασκεν
845 2114 930 2202 ἔτος.

225 2251 296 2326 Καὶ
312 2262 419 2338 ταῦτα
438 2255 498 2352 μέν
517 2239 622 2326 ούτω·
642 2252 680 2326 τό
699 2253 737 2326 δέ
750 2249 898 2352 ἡλιακὸν
912 2261 984 2352 φῶς
998 2252 1062 2326 ούκ
1076 2251 1284 2354 ἀλυπότερον
1320 2273 1352 2327 15

122 2393 316 2494 ὀφθαλμοῖς
334 2396 369 2466 έν
385 2403 546 2494 χειμῶνι;
577 2391 601 2493 ἡ
626 2392 657 2466 δ’
688 2392 845 2468 έντεύθεν
864 2391 953 2466 ἀλέα
971 2392 1036 2466 ούκ
1059 2393 1217 2495 ἀσπαστὴ
1236 2403 1284 2492 τῶ

122 2536 317 2634 συμμέτρῳ,
337 2532 383 2622 ῶς
399 2531 562 2634 ἡδύτερον
580 2532 812 2607 ἐνδιαιτᾶσθαι
828 2544 901 2623 ταῖς
918 2532 1029 2607 ἀκτῖσι
1046 2542 1223 2635 χειμῶνος.

223 2671 435 2772 Μετάγωμεν
448 2671 506 2746 τόν
519 2671 625 2773 λόγον
640 2675 696 2747 έπί
713 2671 757 2746 τά
772 2682 835 2774 τῆς
850 2671 984 2774 φύσεως
996 2671 1173 2772 θαύματα,
1186 2677 1240 2746 ίνα
1253 2700 1284 2747 τι

121 2817 180 2886 καὶ
197 2812 372 2914 τέρψωμεν
390 2810 478 2912 ύμᾶς
497 2811 629 2902 ἀνέντες
647 2811 748 2885 αύτόν
766 2810 834 2886 ἀπό
848 2820 908 2886 τοῦ
927 2810 1085 2886 συντόνου
1100 2815 1155 2886 έπί
1167 2812 1206 2886 τό
1221 2839 1283 2912 μα-

120 2951 327 3053 λακώτερον.
364 2949 407 3028 τοὶ
424 2951 492 3054 γάρ
510 2950 771 3054 παραδοξότατα
788 2953 849 3026 καὶ
869 2952 916 3026 ῶν
934 2953 974 3024 ἀν
987 2977 1035 3042 τις
1053 2955 1145 3053 μέγα
1162 2952 1284 3052 θαιῖμα
1317 2975 1353 3029 20

119 3089 309 3192 ποιήσαιτο,
336 3093 375 3166 ού
393 3090 509 3194 πόρρω
527 3103 589 3194 τὴς
607 3089 774 3194 συνούσης
792 3091 905 3182 αύτοῖς
922 3091 1050 3195 ἡδονὴς
1067 3091 1196 3194 χειμῶν
1214 3095 1283 3167 έπι-

121 3233 288 3305 δείκνυται
314 3235 436 3334 φέρων.
478 3236 527 3322 τίς
550 3232 619 3334 γάρ
654 3231 719 3306 ούκ
743 3232 784 3306 ἀν
806 3230 936 3334 ἡσθείη
954 3230 1070 3334 χιόνος
1086 3231 1282 3334 κατιούσης,

120 3369 223 3446 ὁπότε
253 3369 364 3446 πάντα
387 3369 516 3472 κόσμον
542 3369 607 3474 ὁρᾷ
633 3371 894 3472 λευκαινόμενον
924 3375 985 3446 καί
1015 3377 1084 3447 οἷον
1114 3373 1283 3473 νεοπλυνὴ

121 3483 256 3612 έσθὴτα
272 3510 489 3612 λαμβάνοντά
501 3537 539 3586 τε
551 3515 612 3585 καί
628 3509 907 3613 φαιδρυνόμενον;
927 3511 1041 3587 καὶτὸ
1059 3513 1150 3613 ύδωρ
1169 3512 1282 3614 ἀχρω-

122 3647 277 3747 μάτιστον
301 3651 338 3724 όν
361 3649 554 3752 θαυμάσειε
579 3661 705 3753 χρῶμα
731 3650 1009 3753 μεταλαμβάνον,
1044 3654 1104 3725 καί
1129 3649 1174 3740 ῶς
1197 3662 1284 3752 χοῶν
1316 3678 1350 3732 25

122 3790 395 3893 συμφορούμενον
412 3794 472 3866 καί
490 3789 536 3892 μὴ
557 3791 709 3892 διαρρέον
724 3792 813 3893 μηδὲ
822 3790 947 3894 ζητοῦν
956 3790 1019 3893 ιὴν
1032 3789 1117 3892 πρός
1129 3791 1167 3864 τό
1182 3794 1283 3891 μέσον

118 3930 340 4032 πανταχόθεν
355 3934 434 4031 ἰσην
453 3929 654 4005 ἀπόστασιν·
676 3932 733 4006 ὅτε
751 3930 794 4034 δὴ
813 3934 873 4006 καῖ
890 3933 1027 4033 χιονέαν
1044 3932 1169 4032 ἄρκτον
1186 3933 1209 4033 ἡ
1226 3935 1281 4005 λέ-

119 4096 199 4144 οντα
215 4070 428 4171 πλασάμενοι
450 4071 575 4161 παῖδες
601 4070 805 4174 ἐστὴσαντο,
829 4071 945 4171 τέρψιν
969 4069 1054 4171 όμού
1078 4075 1138 4146 καί
1161 4072 1283 4172 θαῦμα

119 4209 270 4284 ἰδέσθαι·
304 4212 327 4312 ἡ
357 4211 414 4286 ὅτε
443 4212 713 4314 χειροπληθέσιν
743 4211 859 4285 ύδασιν
890 4209 1068 4311 ἀλλήλους
1098 4209 1283 4310 ἀθύροντες

117 4349 313 4449 βάλλουσιν,
340 4354 428 4426 ἔστιν
446 4353 483 4441 ὃς
501 4352 580 4454 ούχί
596 4351 730 4453 θεατὴς
755 4351 919 4452 ἐπιθυμεῖ
939 4360 999 4424 τοιῖ
1025 4350 1158 4451 ἀγῶνος
1179 4351 1281 4425 καθί·
1315 4360 1350 4414 30

1131 4502 1148 4557 3
