3058 4732
774 75 795 144 6

688 174 890 184 ——---n-

206 301 344 386 οἰκείαις
361 295 505 395 ἐάσομεν
522 293 754 396 όποληψεσιν;
790 294 889 395 ἡμεῖς
907 297 944 368 δὲ
962 293 1058 394 λόγῳ
1078 293 1167 393 μόνῳ
1186 298 1246 367 καὶ
1264 293 1366 396 ζήσο-

207 464 266 538 μεν
283 440 344 510 καί
361 433 649 536 φιλοσοφήσομεν,
668 434 809 508 κάκεῖνο
827 433 927 533 μόνον
945 433 1112 534 εἰσόμεθα
1129 435 1246 522 καλῶς
1264 437 1367 534 έχειν,
1392 513 1395 520 ,

207 580 266 649 καὶ
284 575 331 675 μη
352 575 435 674 ὅπερ
450 576 490 647 ἀν
505 574 602 662 οὗτος
615 575 726 674 κρίνη,
746 575 811 646 κάν
827 577 855 647 εί
869 572 1024 674 μυριάκις
1037 573 1080 646 τοὶ
1092 582 1158 646 τῶν
1172 571 1369 673 αἰσθήσεων

207 712 491 815 ἀντιμαρτυρήση.
528 711 635 812 λόγος
652 712 720 812 γὰρ
737 721 797 785 τοῦ
812 739 850 785 τε
868 712 1052 785 ἀπταίστου
1081 711 1187 800 δεινός
1213 711 1370 812 ίχνευτης

157 873 173 924 5
208 859 343 929 καὶτοῦ
363 854 539 952 ἀσφαλοῦς
559 854 664 952 ἄκρος
682 851 865 952 ἐξεταστὴς
878 856 937 925 καὶ
950 862 1009 925 τοῦ
1029 852 1083 925 ἀεὶ
1099 850 1260 941 ὡσαύτως
1274 856 1370 953 ἔχον-

208 1020 265 1082 τος
289 991 559 1091 ἀντιποιούμενος
584 989 813 1065 εότονώτατα·
847 991 1006 1091 αἴσθησις
1034 993 1071 1063 δὲ
1100 992 1289 1090 πολυμιγὲς
1312 995 1372 1064 καί

208 1132 423 1208 παντοδαπόν
441 1134 501 1204 καὶ
517 1133 653 1231 πολλῆς
670 1140 732 1231 της
751 1129 952 1231 συγχύσεως
970 1130 1287 1230 ἀναπεπλησμένον,
1315 1140 1372 1204 νῖν

210 1272 393 1373 ἀχθομένη
420 1273 523 1369 φωτί,
547 1279 605 1372 νῦν
629 1269 760 1362 σκότει,
785 1279 842 1342 νῖν
868 1269 1087 1368 ἀμφοτέροις,
1114 1269 1195 1368 παρ’
1226 1267 1373 1368 ἑκοίτερα

210 1414 390 1512 χαίρουσα.
434 1413 495 1483 καὶ
523 1408 687 1510 γ’γσθόμην
718 1409 787 1509 γάρ
813 1409 919 1509 αὐτὴν
945 1409 988 1482 τά
1016 1409 1103 1483 αότά
1127 1411 1291 1507 φιλοῦσαν
1316 1408 1371 1509 δη,

145 1572 178 1626 10
212 1560 402 1649 στυγοϋσαν
420 1548 475 1649 δή,
493 1557 754 1648 περινοστοῖσαν
773 1548 1000 1649 ἑκασταχόσε,
1028 1549 1142 1648 ὥσπερ
1159 1574 1226 1622 που
1244 1552 1303 1622 καὶ
1320 1573 1372 1620 νο-

213 1699 348 1781 σοῦντες
361 1690 480 1788 κλίνης
493 1689 613 1787 κλίνην
628 1686 856 1761 ἀλλάσσονται
870 1687 1034 1788 κάκείνης
1048 1687 1149 1776 αὖθις
1164 1691 1279 1788 ἑτέραν
1292 1690 1373 1787 ρρῖον

214 1830 319 1917 οὕτως
337 1829 422 1917 ἕξειν
440 1826 594 1926 οἰόμενοι.

317 1967 409 2067 Πρός
432 1966 560 2055 τοότοις
581 1968 619 2040 δὲ
643 1965 783 2040 κάκεῖνό
806 1992 861 2065 μοι
877 1967 915 2040 τό
935 1969 1010 2056 δέος
1029 1967 1228 2069 ἐπήρτηται,
1255 1972 1283 2042 εί
1306 1980 1375 2059 τοῖς

214 2111 291 2207 περί
307 2107 370 2207 την
388 2107 547 2207 αἴσθησιν
564 2105 731 2207 κεχηνόσι
748 2116 815 2180 τῶν
827 2133 865 2179 τε
881 2105 966 2206 πρός
979 2107 1037 2180 τόν
1050 2118 1203 2208 χειμῶνα
1222 2135 1375 2209 κατηγο-

149 2271 181 2324 15
216 2257 293 2348 ριῶν
311 2245 424 2319 καὶτὸ
444 2250 504 2346 ἔαρ
523 2249 703 2346 ἐγκωμίων
722 2245 976 2347 έκστησόμεθα.
1014 2247 1138 2321 αὐτίκα
1151 2247 1218 2348 γὰρ
1233 2251 1292 2320 καί
1304 2261 1377 2338 ταῖς

217 2387 338 2474 ἄλλαις
356 2386 465 2459 αὐτῶν
484 2384 646 2486 δοκησεσι
665 2386 745 2459 κατ’
764 2389 861 2486 ἴχνος
885 2386 1092 2460 ἀκολουθεῖν
1117 2386 1330 2475 ἀξιώσουσιν·
1358 2389 1376 2458 ὃ

217 2524 264 2625 μὴ
284 2524 393 2598 πόθοι
417 2526 550 2624 μηδείς,
576 2526 674 2623 φίλος
697 2534 782 2624 γοῦν
807 2527 881 2624 ἐμοὶ
899 2528 959 2597 καί
983 2524 1045 2625 την
1070 2525 1182 2626 ἀρχὴν
1207 2523 1377 2624 ἀληθείας

216 2662 446 2763 πεφροντικώς
468 2671 531 2761 τῆς
557 2661 690 2762 φόσεως
713 2664 784 2763 ἤδη
812 2661 1091 2762 μειονεκτοόσης,
1119 2663 1210 2736 εἰτὸ
1235 2661 1377 2763 λογικόν

219 2803 308 2894 ζῶον
326 2803 372 2904 μη
392 2801 605 2902 κατὰλόγον
622 2803 679 2875 τόν
697 2803 767 2901 βίον
785 2801 957 2902 μετέλθοι.
996 2803 1069 2877 ἀλλ’
1098 2806 1172 2877 ἐπεὶ
1195 2807 1244 2892 τίς
1269 2807 1329 2902 μὲν
1352 2802 1376 2904 ἡ

151 2962 185 3016 20
218 2952 284 3016 τῶν
301 2943 440 3014 πολλῶν
459 2940 541 3030 δόξα
558 2945 618 3014 καὶ
636 2942 728 3029 ὅπως
745 2940 872 3042 ταότην
890 2941 1145 3042 ἀποτρέπεσθαι
1166 2944 1227 3035 δεῖ,
1253 2945 1317 3015 τίσι
1341 2944 1379 3015 δὲ

219 3080 290 3182 χρὴ
314 3081 392 3169 τους
414 3084 491 3180 περὶ
514 3079 621 3180 λόγον
646 3083 891 3181 στρεφομένους
915 3093 1079 3183 στοιχεῖν,
1105 3081 1335 3183 ἀποχρώντως
1361 3081 1379 3154 ὁ

219 3219 324 3320 λόγος
340 3217 635 3319 παρηγγυηοατο,
661 3221 743 3319 φέρε
765 3218 823 3293 τόν
839 3229 898 3293 τοῦ
916 3231 1083 3322 χειμῶνος
1099 3221 1219 3322 καιρόν
1238 3219 1379 3321 έξυμνη-

221 3385 331 3458 σωμεν
356 3361 416 3431 καί
443 3357 602 3456 δείξωμεν
634 3355 908 3448 ἀντεξετάζοντες
939 3363 1031 3460 ἔαρι,
1063 3364 1098 3433 έν
1122 3361 1212 3449 ὅσοις
1237 3365 1297 3460 μὲν
1321 3364 1381 3432 καί

220 3501 340 3588 ἀλλοις
365 3499 485 3585 καλοῖς
506 3498 606 3570 τοῦδε
629 3501 793 3598 περίεστι·
821 3498 905 3599 πρὸς
931 3500 968 3572 δέ
994 3503 1054 3572 καί
1079 3503 1127 3588 οῖς
1154 3501 1231 3574 ὅσον
1258 3499 1326 3573 οίόν
1343 3525 1380 3572 τε

152 3658 186 3712 25
222 3636 452 3736 διαλεξόμεθα
468 3639 545 3735 περὶ
563 3636 772 3736 ἀμφοτέρων.

319 3774 356 3848 Ὁ
375 3774 503 3875 χειμών
530 3775 579 3847 ότι
606 3779 665 3874 μέν
689 3787 758 3863 τοῖς
781 3777 923 3865 πολλοῖς
947 3776 1062 3878 πόρρω
1087 3789 1146 3852 τοῦ
1171 3778 1382 3853 ἐπαινεῖσθαι

221 3913 452 4014 καθέστηκεν,
478 3917 626 4014 εἴρηται·
653 3913 703 3987 ὅτι
725 3915 763 3988 δὲ
784 3915 913 4015 χειμών
938 3919 1037 4016 ἔαρος
1060 3916 1296 4017 πρεσβύτερος,
1317 3921 1382 3998 ,καὶ

222 4056 272 4128 ότι
290 4057 318 4127 εί
337 4053 383 4154 μὴ
403 4053 531 4155 χειμών
547 4053 602 4154 ἦν,
623 4053 687 4128 οὐκ
705 4055 745 4127 ἀν
767 4054 838 4128 οὐδ’
861 4059 921 4156 ἔαρ
944 4056 999 4156 ῆν,
1025 4055 1070 4144 ιός
1094 4056 1252 4130 ἐντεῦθεν
1276 4058 1382 4157 δῆλον

223 4195 305 4266 είναι
321 4197 381 4266 καὶ
397 4192 589 4294 τιμιώτερον
607 4193 709 4267 αὐτόν
735 4197 835 4294 ἔαρος
860 4198 960 4288 είναι,
993 4205 1093 4269 τοῦτο
1119 4205 1167 4292 τῷ
1194 4195 1291 4297 λόγῳ
1315 4195 1382 4296 πρὸ

155 4338 189 4392 30
221 4330 355 4406 πάντων
372 4333 575 4434 πειράσομαι
591 4343 818 4435 παραστῆσαι.
