3040 4734
718 95 762 164 13

642 194 843 203 m*—

154 315 292 404 οὐδενός
323 316 445 415 ἐδέησε
477 314 515 387 τὸ
540 313 631 387 κατοὶ
654 313 712 388 τόν
739 313 927 389 Φαέθοντα
950 315 1183 416 μυθευόμενον
1206 315 1322 407 πάθος

155 453 376 554 ὑπερελάσαι.
413 456 467 526 δεῖ
479 453 548 554 γοὶρ
568 453 762 554 ἀντιστῆσαι
778 463 826 550 τῷ
845 457 905 554 μὲν
922 453 1043 555 θερμῷ
1060 454 1098 528 τό
1113 455 1261 557 ψυχρόν·
1281 456 1320 530 τό

157 597 193 668 δὲ
210 593 317 694 ὑγρόν
334 603 382 689 τῶ
407 593 517 694 ξηρῷ,
544 597 573 668 εί
596 595 718 694 μέλλοι
741 593 899 668 τάναντία
923 603 989 668 τῶν
1014 597 1169 668 ἐναντίων
1194 595 1321 695 ἰάματα

151 733 307 826 ἔσεσθαι,
322 736 383 806 καὶ
395 744 467 821 ταῖς
482 736 542 832 μὲν
559 731 763 832 ὑπερβολαῖς
775 732 836 822 τοὶς
850 732 1043 834 ὑπερβολάς
1057 733 1256 809 ἀντιθεῖναι·
1275 745 1319 835 τῆ

152 875 193 945 δὲ
211 871 352 946 κενώσει
369 873 433 973 τῆν
450 871 625 974 πλήρωσιν
644 877 757 947 είνεκα
774 882 837 974 τῆς
855 876 901 962 είς
913 873 952 946 τό
967 884 1101 975 σῶφρον
1114 878 1174 948 καί
1188 878 1319 976 μέτριον
1372 890 1387 941 5

153 1011 467 1102 ἀποκαταστάσεως
496 1023 563 1086 τῶν
595 1011 877 1113 ἀτακτησάντων·
910 1023 970 1088 τοὺ
997 1039 1035 1087 τε
1051 1014 1129 1104 τοὺς
1145 1015 1320 1115 ποταμοὺς

155 1152 255 1241 αὖθις
272 1155 404 1252 ῥυῆναι,
422 1154 483 1225 καί
500 1151 621 1252 πηγάς
637 1155 697 1225 καὶ
714 1154 833 1252 λίμνας
857 1161 927 1253 γῆς
945 1150 1141 1253 ὑπερκὺψαι
1165 1153 1203 1227 τό
1226 1157 1318 1254 περί-

155 1317 245 1392 γειον
258 1290 516 1392 καταψάχοντα·
532 1293 591 1364 καὶ
604 1289 692 1365 πόαν
702 1292 892 1393 βλαστῆσαι
906 1292 971 1394 ὅση
980 1318 1017 1366 τε
1031 1293 1243 1395 σπερματικῆ
1258 1297 1318 1368 καὶ

152 1432 216 1532 ὅση
235 1431 436 1530 αὐτόματος.

257 1570 330 1644 Καὶ
347 1568 474 1670 χειμών
493 1572 555 1668 μὲν
571 1579 721 1658 τοιοῦτος
744 1571 804 1642 καί
828 1570 916 1644 οὑτω
941 1571 1219 1671 βιωφελέστατος.
1256 1575 1317 1673 ἔαρ
1353 1589 1386 1643 10

149 1712 190 1783 δὲ
216 1710 320 1810 μικρά
343 1712 366 1810 ῆ
392 1710 490 1782 οὐδὲν
513 1719 561 1805 τῶ
587 1709 707 1809 κόσμῳ
732 1709 976 1809 συμβάλλεται.
1019 1710 1140 1785 σκόπει
1164 1714 1224 1785 καὶ
1247 1712 1316 1813 γάρ

148 1859 219 1923 τῶν
236 1849 424 1949 ποιοτήτων
442 1849 483 1922 δι’
506 1850 552 1924 ῶν
574 1853 634 1923 καί
658 1861 810 1951 στοιχεῖα
828 1848 959 1950 κόσμου
977 1853 1037 1924 καὶ
1060 1854 1211 1925 ἐνιαυτοῦ
1233 1852 1317 1952 ὧραι

148 1993 212 2063 καί
228 1989 270 2063 τά
295 1989 383 2063 καθ’
400 1993 545 2062 ἕκαστον
569 1987 710 2089 σώματα
733 1989 796 2089 τῆν
821 1988 977 2064 σὺστασιν
1001 1993 1122 2092 έσχον,
1147 1990 1316 2092 τεττάρων

150 2129 261 2203 οὑσῶν
277 2173 329 2182 -
347 2127 564 2230 ψυχρότητος
582 2128 718 2230 όηλαδῆ
738 2132 798 2202 καί
814 2128 1039 2231 θερμότητος,
1065 2129 1252 2231 ξηρότητός
1277 2157 1315 2206 τε

149 2268 272 2369 ὁμοίως
288 2271 349 2342 καί
365 2267 554 2369 ὑγρότητος
572 2312 623 2322 -
640 2280 713 2358 ταῖς
742 2272 803 2368 μὲν
827 2269 901 2342 δυσί
923 2268 1028 2370 θέρος
1053 2269 1312 2371 συνεκροτῆθη·
1351 2287 1382 2340 15

143 2410 182 2483 τό
201 2409 340 2509 ψυχρὸν
356 2410 394 2482 δὲ
411 2412 471 2482 καί
489 2407 594 2509 ὑγρόν
611 2407 740 2510 χειμών
764 2408 1034 2509 κληρωσάμενος
1050 2412 1122 2503 καί,
1148 2412 1247 2509 ἔαρος
1265 2409 1312 2510 μη

142 2551 431 2650 προσγενομένου,
457 2548 675 2622 τοὺπίλοιπον
692 2557 752 2622 τοῶ
778 2551 874 2638 ἔτους
900 2547 1142 2650 ἀνεπλήρωσεν
1166 2549 1218 2622 ἀν.
1254 2551 1314 2622 καὶ

148 2687 245 2760 οὐδὲν
259 2687 277 2760 ὁ
291 2686 421 2788 κόσμος
440 2686 608 2788 ἐζημίωτο
626 2697 719 2788 τῷγε
737 2691 783 2777 είς
795 2687 857 2776 τάς
870 2687 1054 2789 ποιότητας
1070 2689 1179 2789 ἥκειν,
1199 2688 1235 2776 ἐξ
1254 2689 1311 2781 ῶν,

151 2825 197 2913 ῶς
216 2829 357 2926 εἴρηται,
384 2831 444 2900 καί
467 2829 622 2928 συνέστη.
660 2827 743 2901 ἀλλ’
765 2825 905 2928 ἀνάγκη
924 2837 1020 2902 πᾶσα
1035 2831 1153 2928 φησίν,
1181 2826 1227 2917 ὑς
1243 2827 1312 2928 ἀῆρ

152 2964 258 3064 πυρός
275 2969 367 3065 μέσῳ
385 2969 445 3040 καί
468 2967 591 3055 ὑδατος
614 2969 777 3070 κέχυται,
801 2969 861 3039 καί
885 2977 1027 3068 χειμῶνι
1049 2970 1108 3040 καί
1131 2966 1228 3067 θέρει
1251 2971 1312 3067 ἔαρ
1346 2984 1380 3038 20

147 3106 361 3204 μεσολαβεῖν,
379 3105 424 3178 ἵν’
435 3103 767 3206 ἐπικηρυκευόμενον
785 3105 1027 3206 έκατέροιςτῆν
1035 3131 1073 3180 τε
1086 3105 1205 3208 μάχην
1219 3117 1312 3205 σιρῶν

144 3246 270 3344 ἐπέχοι
292 3249 350 3318 καί
368 3245 406 3318 τὸ
425 3244 472 3346 μῆ
493 3246 635 3346 ἄλληλα
650 3244 804 3353 Ιφθείρειν
820 3243 1008 3346 χαρίζοιτο.
1045 3244 1139 3320 ἀλλά
1155 3248 1234 3345 πυρί
1252 3249 1311 3345 μὲν

142 3385 173 3456 ῶ
201 3383 300 3472 οὑτος
322 3387 381 3457 καί
405 3384 501 3458 ὑόατι
524 3382 657 3483 σώμασί
675 3409 713 3458 τε
737 3386 820 3458 είναι
843 3386 903 3458 καὶ
926 3386 1001 3484 ἅμα
1022 3384 1114 3458 κατά
1130 3383 1174 3458 τοὶ
1191 3387 1233 3457 ἐκ
1249 3395 1310 3458 τοῖν

142 3521 253 3596 αὑτοῦ
268 3504 384 3622 γένους
398 3521 567 3623 ἀλλήλοις
581 3521 841 3624 ἀντιδιηρημένα
853 3521 1036 3622 ὑφεστάναι
1049 3522 1208 3624 ὑπῆρξεν,
1226 3522 1309 3622 ἀμέ-

144 3665 196 3736 λει
227 3666 289 3736 καί
321 3673 383 3764 τῆς
410 3665 520 3764 ἀκρας
546 3663 631 3763 πρὸς
656 3665 799 3764 ἄλληλα
824 3663 1061 3765 μετειληχόσιν
1087 3662 1310 3753 ἐναντιώσεως
1344 3685 1377 3738 25

148 3803 267 3902 ἐδέησε
285 3807 395 3902 σιρίσιν
413 3803 526 3902 ὥσπέρ
544 3828 631 3892 τινος
649 3806 873 3904 μεσοστοίχου
887 3813 946 3876 τοὺ
962 3802 1071 3902 ἀέρος,
1090 3803 1191 3898 ιβκαὶ
1206 3805 1308 3904 ἄμφω

146 3940 235 4014 κατά
246 3941 397 4042 θάτερον
410 3951 634 4016 κοινωνοὺντα
646 3952 709 4043 τῆς
727 3944 856 4016 ἑαυτῶν
873 3945 1077 4042 συστοιχίας,
1097 3942 1163 4017 οὑκ
1180 3941 1308 4042 ἀπεβά-

144 4083 243 4156 λοντο
266 4082 456 4182 πράγματα
479 4085 643 4183 παρέχειν
667 4081 846 4182 ἀλληλοις.
881 4091 1035 4182 χειμῶνα
1059 4083 1180 4156 δὲκαὶ
1205 4082 1309 4182 θέρος

141 4220 224 4295 οὔθ’
239 4221 418 4321 ὑφεστῶτα
435 4221 577 4322 σώματα
595 4223 681 4315 οἶδα,
700 4221 781 4296 οὔθ’
804 4222 876 4321 ἅμα
892 4221 971 4295 κατ’
983 4222 1141 4321 οὑδεμίαν
1158 4221 1308 4295 συνιστά-

140 4389 230 4463 μενα
249 4365 377 4463 σχέσιν.
414 4366 442 4436 εί
459 4373 543 4463 γοῶν
562 4373 620 4436 νὺν
637 4373 805 4464 χειμῶνος
823 4331 1035 4462 ἐνισταμένου
1053 4363 1188 4462 οὐδαμῆ
1207 4361 1306 4436 οὑδα-
1341 4369 1376 4423 30
