3058 4732
742 99 761 167 7

274 317 344 393 Τοῦ
371 319 438 418 γὰρ
462 318 563 418 ἡλίου
591 318 645 391 διά
669 329 731 419 τῆς
750 319 808 417 ἀφ’
832 318 1021 394 οὑτινοσοῦν
1045 321 1186 419 σημείου
1211 323 1266 393 ἐπί
1290 318 1329 393 τό

170 458 253 532 αὐτὸ
272 459 372 548 αὖθις
391 457 702 548 ἀποκαταστάσεως
727 458 790 559 την
807 468 866 532 τοῦ
885 463 1037 533 ἐνιαυτοῦ
1056 469 1253 560 μετροῦντος
1269 485 1329 534 πε-

169 599 298 698 ρίοδον,
333 602 463 695 καὶτῷ
488 598 595 699 ἐγγῦς
617 597 699 699 ἡμῖν
722 601 894 698 προσιέναι
918 603 977 672 καί
1001 601 1149 693 ἀπιέναι,
1175 598 1330 673 καθόσον

169 737 187 811 ό
216 735 390 837 ζωοφόρος
413 737 527 811 δίδωσι
552 737 682 827 κόκλος
710 742 770 811 καὶ
794 737 818 839 ἡ
844 738 930 812 καθ’
951 737 1044 840 ἡμᾶς
1067 741 1236 840 ἔγκλισις,
1270 737 1331 827 τάς

169 877 260 977 ὥρας
277 877 522 966 ἀποτελοῦντος
540 877 608 951 ἀπό
626 875 765 978 πρώτης
782 878 906 952 αῦτίκα
930 888 990 952 τοῦ
1016 863 1187 979 αἰγόκερω
1214 883 1331 980 μοίρας
1383 896 1399 948 5

172 1017 225 1117 ἐφ’
246 1016 339 1117 ἡμᾶς
356 1016 566 1110 ἐλαύνοντος,
587 1018 643 1091 ὅτε
661 1017 704 1118 δη
724 1021 784 1090 καὶ
803 1018 916 1118 ἀρχὴν
934 1017 1115 1108 όένιαυτδς
1129 1021 1266 1119 δέχεται
1279 1063 1330 1074 -

173 1155 352 1256 τεκμήριον
375 1157 413 1229 δὲ
437 1159 497 1230 καί
520 1155 589 1256 γάρ
614 1155 771 1231 ἐντεῦθεν
797 1159 831 1229 αί
852 1155 978 1258 ἡμέραι
1003 1159 1094 1232 κατά
1118 1157 1235 1259 μικρόν
1259 1171 1332 1248 ταῖς

158 1294 225 1368 ,ἀεί
238 1293 457 1396 προσθήκαις
471 1295 638 1388 αὔξουσιν,
658 1296 676 1368 ὃ
695 1294 853 1384 σῦστασίς
870 1321 907 1369 τε
925 1295 1009 1397 ὁμοῦ
1027 1301 1086 1370 καί
1104 1299 1250 1387 ἐπίδοσις
1266 1308 1332 1371 τῶν

173 1437 207 1508 ὲν
225 1433 345 1534 κόσμῳ
363 1435 520 1534 γίνεσθαι
537 1437 683 1534 πέφυκε,
710 1439 769 1508 καί
789 1435 845 1508 διά
861 1447 968 1509 ταῦτα
994 1437 1058 1508 οῦκ
1084 1437 1236 1510 ἀλλοθεν
1260 1437 1331 1536 ἐγώ

170 1575 228 1650 τάν
242 1574 391 1648 ἐνιαυτὸν
403 1575 466 1676 την
481 1575 594 1678 ἀρχὴν
609 1575 690 1664 ἀξιῶ
704 1576 921 1677 ποιεῖσθαι,ἤ
936 1576 1094 1676 ὅθενπερ
1108 1581 1167 1650 καί
1180 1576 1204 1677 ἡ
1219 1575 1332 1678 ημέρα
1370 1592 1401 1645 10

172 1712 295 1813 μείζων
315 1713 368 1786 ἀεὶ
388 1717 515 1814 γίνεται
536 1759 586 1770 -
604 1715 732 1816 χειμών
746 1715 968 1788 συνίστασθαί
979 1741 1016 1788 τε
1029 1719 1089 1788 καί
1103 1715 1333 1814 ὀνομάζεσθαι

171 1853 333 1954 ἄρχεται·
354 1854 390 1942 ὃς
408 1857 468 1926 καὶ
484 1853 541 1926 τόν
559 1855 771 1954 διωρισμένον
786 1854 878 1950 αὐτῷ
892 1854 1015 1962 χρόνον
1031 1853 1333 1956 ῦπηρετησάμενος

171 2003 214 2091 τη
234 1991 331 2090 φύσει
347 2001 406 2065 τοῦ
425 1991 556 2092 κόσμου
572 2039 617 2048 -
635 1995 674 2068 οῦ
694 1995 762 2094 γάρ
790 1995 908 2095 ἐπειδὴ
935 1994 979 2068 τά
1003 2003 1122 2095 πριῦτα
1148 2005 1207 2068 τοῦ
1239 1998 1334 2083 ἔτους

163 2135 309 2232 φέρεται
329 2135 388 2205 καί
407 2145 617 2232 καινοτομεῖν
629 2159 660 2206 τι
677 2133 834 2233 βοόλεται
851 2134 945 2234 παρά
961 2133 1004 2207 τά
1021 2133 1269 2234 καθεστηκότα
1285 2177 1333 2188 -

173 2275 246 2371 ἔαρι
264 2272 465 2371 μεταδίδωσι
481 2271 544 2372 την
562 2273 743 2366 διακονίαν,
769 2272 1000 2372 ἐντειλάμενος
1016 2273 1073 2346 τόν
1091 2247 1193 2373 ρητόν
1210 2271 1333 2374 χρόνον
1373 2293 1403 2345 15

173 2412 220 2513 μη
247 2410 396 2511 όπερβάν
422 2412 495 2512 ὥρᾳ
519 2415 579 2484 καὶ
602 2412 685 2518 αὐτὸ
708 2411 835 2513 ταύτην
865 2415 965 2513 ἑτέρᾳ
994 2414 1230 2513 παραπέμψαι.
1274 2415 1335 2486 καί

173 2551 260 2626 οὕτω
286 2554 346 2650 μὲν
370 2550 566 2652 ἀπεδείχθη
592 2551 721 2652 χειμών
744 2555 844 2650 ἔαρος
867 2554 1146 2652 προγενέστερος,
1180 2553 1270 2625 εἰδὲ
1295 2550 1334 2624 τό

173 2689 396 2792 πρεσβύτερον
412 2690 508 2790 παρά
525 2701 608 2764 πᾶσι
625 2695 685 2764 καὶ
701 2689 911 2792 τιμιώτερον,
936 2693 1029 2765 ἔσται
1054 2691 1109 2764 διοὶ
1130 2691 1220 2765 τοῦτ’
1251 2689 1334 2764 αῦτδ

175 2833 235 2902 καὶ
251 2830 377 2930 χειμών
396 2832 652 2930 έπικυδέστερος
670 2834 779 2930 ἔαρος.

266 3003 340 3078 Ὅτι
358 3005 395 3077 δέ
413 3013 579 3104 χειμῶνος
597 3003 644 3105 μὴ
665 3005 758 3094 ἀντος
773 3003 842 3078 οὐδ’
865 3008 926 3103 έαρ
940 3002 1132 3104 γενήσεται,
1153 3003 1241 3076 οὕτω
1255 3028 1335 3075 σκο-
1372 3017 1406 3072 20

173 3147 351 3243 πουμένοις
369 3149 462 3218 έσται
479 3149 684 3245 καταφανές.

278 3317 407 3420 Θέρους
423 3319 666 3422 προσάγοντος,
693 3324 721 3394 εἰ
746 3330 794 3417 τῷ
814 3323 891 3419 περί
908 3322 1068 3419 καρκίνον
1085 3327 1145 3391 τοῦ
1164 3316 1335 3408 ζωδιακοῦ

173 3457 323 3558 τμήματι
337 3457 437 3533 δώσει
451 3486 499 3549 τις
515 3459 847 3562 έμφιλοχωρήσαντα
860 3459 917 3532 τόν
932 3460 1031 3559 ἥλιον
1047 3459 1151 3532 αὐτοῦ
1166 3457 1204 3530 τὸ
1218 3457 1337 3530 λοιπὸν

175 3599 533 3700 διατρίβειν,’μηδαμη
553 3601 719 3700 μηδαμῶς
737 3597 1068 3698 ἐπανακομιζόμενον
1083 3601 1138 3671 ἐπί
1149 3596 1194 3669 τά
1208 3621 1336 3697 μεσημ-

176 3738 270 3838 βρινὰ
281 3747 341 3810 τοῦ
355 3736 498 3837 κόσμου,
516 3738 559 3810 ἵν’
573 3738 709 3811 έκεῑθεν
723 3738 825 3827 αὖθις
838 3737 966 3841 χειμών
980 3735 1094 3838 ἀρχὴν
1108 3738 1183 3836 δοίη
1196 3745 1244 3832 τῷ
1259 3738 1336 3827 ἐ’τει,
1372 3754 1406 3806 25

176 3876 246 3948 οὐδ’
269 3879 329 3977 ἔαρ
348 3879 453 3969 ἔσται,
473 3877 551 3950 ἀλλ’
577 3877 759 3978 ἀειδηποτε
782 3877 885 3977 θέρος
909 3874 1109 3950 ἐπιπολάσει
1132 3885 1180 3971 τῷ
1195 3872 1335 3973 κόσμῳ.

175 4019 235 4088 καὶ
250 4018 344 4090 οάπω
358 4017 465 4116 λέγω,
486 4014 531 4103 ὥς
549 4015 739 4116 έκπόρωσις
755 4014 936 4116 γενήσεται
949 4017 1009 4088 καί
1023 4014 1169 4113 ὄλεθρος
1181 4021 1241 4085 τοῦ
1254 4037 1337 4085 παν-

175 4153 243 4243 τός.
282 4158 311 4227 εί
328 4157 436 4228 τοίνυν
455 4153 734 4256 ἐπακολούθημα
751 4164 918 4258 χειμῶνος
936 4157 996 4253 ἔαρ
1015 4157 1119 4244 ἔσται,
1139 4153 1206 4250 ἀρα
1218 4149 1337 4224 τοῦτου

175 4297 305 4381 ἐκεῖνος
323 4294 388 4366 οῦκ
411 4293 476 4382 ἔξω
501 4304 561 4367 τοῦ
586 4291 717 4382 εἰκότος
741 4297 801 4374 καὶ
826 4291 1037 4381 αἰτιώτατος·
1067 4291 1157 4366 εἰδὲ
1181 4287 1225 4362 τά
1249 4291 1338 4364 α’ίτια
