3040 4734
778 96 799 168 8

688 198 846 205 --—-—-—
853 200 888 208 --w

208 323 274 387 τῶν
292 315 337 387 ὠν
356 317 445 388 α’ίτια
462 315 697 416 προτιμότερα,
716 321 775 391 καί
792 318 920 419 χειμών
938 323 1036 420 έαρος
1054 321 1103 410 δίς
1119 323 1189 424 ήδη
1208 326 1267 395 καὶ
1284 325 1368 396 πολ-

207 453 308 543 λάκις
326 464 434 555 μικρῷ
453 456 592 556 ὕστερον
612 455 842 558 ἐπιδοξότερος
860 461 964 533 ἐσται.

312 593 436 668 Καίτοι
452 599 484 668 τί
499 605 607 669 ταῦτα
624 600 729 696 φημί,
755 599 886 697 ὅπουγε
902 603 1221 699 περιεργασαμένοις
1239 601 1309 674 οὐδ’
1332 605 1367 674 ἐν

208 743 277 820 τοῖς
301 732 392 805 οίσιν
417 737 477 833 έαρ
504 733 802 836 ἀριθμηθήσεται;
836 737 942 836 ὄνομα
973 738 1011 810 δέ
1043 737 1143 836 μόνον
1168 738 1368 840 πράγματος
1428 839 1430 843 Ι

159 893 174 944 5
209 874 335 973 ἔρημον
349 871 618 973 ἐλεγχθήσεται,
629 885 769 974 χειμῶνι
783 877 820 948 δὲ
833 876 872 948 τὸ
885 886 945 950 τοῦ
961 880 1080 966 αἰῶνος
1092 879 1196 978 ἥμισυ
1214 879 1367 980 νεμηθή-

209 1037 312 1085 σεται.
345 1015 404 1086 καί
422 1010 466 1112 δή
488 1039 543 1113 μοι
560 1013 746 1115 συμπράξει
769 1025 817 1111 τῷ
841 1014 938 1115 λόγῳ
965 1020 1026 1090 καὶ
1049 1016 1149 1105 αὖθις
1171 1017 1270 1115 ήλιος
1293 1022 1369 1121 περὶ
1502 1111 1503 1118 γ

209 1150 304 1251 ὡρῶν
322 1153 570 1252 διαλεγομένῳ·
591 1155 649 1228 όδε
666 1154 734 1254 γάρ
758 1153 895 1255 ἡμερῶν
917 1181 954 1229 τε
978 1159 1038 1228 καὶ
1057 1155 1152 1256 ήρῶν
1169 1156 1289 1255 νομειλς
1307 1162 1368 1232 καὶ

208 1301 268 1365 τοῦ
284 1291 410 1380 παντὸς
427 1295 523 1381 ἔτους
539 1297 671 1393 ταμίας.
709 1293 829 1394 ἀγνοεῖ
847 1293 981 1383 πάντως
1006 1295 1114 1384 οάδείς
1139 1297 1163 1395 ἢ
1189 1296 1278 1383 ὅστις
1302 1307 1368 1369 τῶν
1502 1313 1503 1326 ’

210 1430 256 1532 μή
281 1433 500 1530 γευσαμένων
522 1433 694 1524 παιδείας,
731 1431 776 1521 ὡς
802 1432 914 1533 διττὴν
937 1433 1035 1534 ήλιος
1059 1432 1122 1534 τήν
1147 1437 1295 1507 ἐναντίαν
1319 1445 1366 1530 τῷ
1502 1457 1503 1538 γ

144 1593 177 1645 ιυ
208 1573 307 1644 παντὶ
324 1582 466 1647 ποιεῖται
483 1574 638 1671 πορείαν·
657 1571 720 1672 τήν
738 1570 807 1646 ἀπὸ
824 1582 953 1672 τροπής
980 1575 1036 1646 ἐπὶ
1058 1573 1187 1674 τροπήν
1212 1573 1364 1675 δηλαδή·
1502 1595 1503 1626 ³

209 1719 271 1811 τῆς
287 1709 427 1812 θερινής
443 1711 506 1812 τήν
523 1709 727 1814 χειμερινήν,
745 1715 805 1784 καί
822 1710 949 1812 ταύτης
966 1712 1067 1802 αὖθις
1085 1716 1228 1814 ἐκείνην.
1264 1713 1288 1814 ή
1308 1717 1367 1813 μὲν
1502 1823 1503 1830 γ

208 1850 277 1950 γάρ
296 1850 473 1951 ἀφίστησιν
491 1846 602 1944 αὐτόν,
621 1850 644 1952 ή
665 1853 702 1925 δὲ
719 1851 880 1942 πελάζειν
897 1852 978 1954 ἡμῖν
994 1865 1093 1947 ποιεῖ,
1112 1857 1172 1927 καὶ
1189 1851 1368 1954 ἀμήχανον

207 1992 321 2091 τρίτην
337 1989 410 2064 τινά
424 1990 746 2091 κίνησινέξευρόντα
759 1991 867 2088 τούτῳ
880 1993 1175 2092 προσαναθέσθαι.
1209 1993 1287 2067 οὐδὲ
1300 1993 1368 2094 γὰρ

209 2129 281 2203 οὐδ’
304 2132 358 2202 ἐπὶ
382 2129 421 2201 τὸ
446 2130 515 2204 ἀνω
540 2129 662 2203 καὶτὸ
688 2129 783 2204 κάτιυ
807 2133 916 2230 τρίτον
941 2157 971 2204 τι
994 2143 1261 2229 προσεπινοεῖται
1284 2131 1370 2232 πρὸς
1502 2133 1503 2170 ³

143 2294 174 2346 15
208 2268 314 2369 λόγον
332 2249 514 2371 κινήσεως·
553 2271 696 2371 οὐρανοῦ
721 2268 759 2342 δὲ
785 2280 869 2370 γοῦν
894 2273 1037 2369 σφαίρας
1063 2273 1273 2370 κινουμένης,
1300 2273 1368 2344 ἀνω

208 2412 268 2482 καί
281 2408 376 2482 κάτω
389 2407 433 2484 τοί
444 2436 482 2483 τε
495 2409 587 2484 νότια
604 2414 664 2484 καὶ
680 2411 724 2483 τοὶ
741 2410 866 2511 βόρεια.
900 2413 973 2483 ἐπεὶ
985 2413 1093 2483 τοίνυν
1108 2407 1370 2509 ἀνωμολόγηται

209 2550 375 2649 μηδεμίαν
406 2551 537 2648 μᾶλλον
566 2552 589 2650 ἢ
616 2554 705 2650 πέρα
730 2552 819 2623 δυεῖν
844 2549 905 2638 τάς
927 2547 1077 2650 ἡλιακὰς
1104 2552 1186 2622 εἶναι
1208 2546 1368 2648 κινήσεις,
1396 2531 1397 2535 ¹

207 2691 307 2761 παντί
322 2713 388 2760 που
408 2692 514 2787 σαφές
536 2693 596 2762 καὶ
620 2689 681 2763 δόο
706 2689 962 2789 καθεστηκέναι
986 2687 1047 2777 τάς
1071 2689 1178 2787 ὥρας,
1204 2689 1369 2786 ἑκατέρας

209 2827 455 2928 ἀποδιδομένης
471 2839 515 2927 τη
533 2827 716 2929 προσφόρῳ
734 2828 875 2930 κινήσει.
907 2831 967 2900 καὶ
985 2826 1054 2927 γὰρ
1069 2827 1134 2900 οὐκ
1147 2827 1273 2900 ἄτοπον
1285 2826 1370 2925 πρὸς

140 2994 175 3049 20
207 2976 270 3066 τῆς
288 2967 458 3067 ἀληθείας
476 2968 583 3070 αὐτῆς
600 2972 660 3056 καί
677 2978 743 3042 τῶν
756 2967 872 3068 λόγων
884 2978 947 3070 τῆς
962 2967 1115 3068 ἰσότητος
1129 2967 1289 3065 ἐκφυλον,
1309 2963 1370 3037 διίο
1500 2981 1501 3016 ί

207 3105 268 3195 τάς
281 3105 429 3206 κινήσεις
443 3108 608 3207 λέγοντας
620 3111 781 3208 τέτταρας
795 3106 993 3181 ὑποθέσθαι
1005 3105 1066 3195 τοὶς
1085 3107 1190 3206 ὥρας·
1210 3108 1270 3178 καὶ
1284 3130 1369 3204 παρ-

209 3249 342 3346 ενείρειν
360 3256 501 3347 χειμῶνι
519 3251 579 3346 μὲν
597 3251 677 3347 ἔαρ,
702 3247 799 3347 θέρει
824 3249 861 3320 δὲ
878 3245 980 3320 πάλιν
999 3247 1096 3346 ὥραν·
1108 3248 1236 3345 ἑτέραν,
1257 3245 1369 3343 ὥσπερ

209 3388 248 3458 ἀν
274 3389 302 3459 εί
327 3386 422 3486 παρὰ
443 3395 542 3459 τοῦτο
569 3386 692 3486 μείζων
710 3386 728 3459 ὁ
747 3386 896 3476 ἐνιαυτὸς
914 3388 1035 3459 ἑαυτοῦ
1053 3385 1212 3484 γίνεσθαι
1230 3386 1367 3484 μέλλοι;
1499 3459 1500 3466 ς

208 3524 279 3624 ἐγώ
299 3525 336 3598 δὲ
355 3524 398 3626 δή
418 3529 477 3598 καὶ
495 3526 583 3598 είδον
601 3529 657 3598 ἐπὶ
673 3525 809 3626 λιθίνης
827 3524 956 3614 εἰκόνος
973 3523 1104 3597 κόκλον
1127 3524 1200 3597 τινὰ
1218 3548 1370 3624 γεγραμ-

140 3690 173 3743 25
208 3665 318 3762 μένον,
338 3668 397 3737 καὶ
409 3674 527 3738 τοῦτον
541 3664 758 3764 ἑκατέρωθεν
772 3677 914 3775 γυναίκε
927 3662 996 3737 δόω
1010 3661 1255 3763 πτερυγοφόριυ
1270 3660 1370 3749 δόξαν

208 3807 416 3906 παρειχέτην
433 3817 506 3894 ταῖς
523 3808 621 3906 χερσὶ
637 3807 877 3905 περιστρέφειν.
914 3805 1036 3902 θαῦμα
1053 3805 1091 3876 δέ
1105 3801 1199 3903 σχών
1212 3811 1274 3901 τής
1286 3826 1369 3900 γρα-

208 3953 287 4043 φῆς,
308 3943 387 4016 οὐδὲ
404 3944 472 4044 γάρ
491 3945 541 4017 ότι
559 3942 717 4044 βούλεται
735 3946 829 4045 είχον
847 3954 1001 4035 συνεῖναι,
1021 3941 1199 4042 ἐπηρόμην
1215 3948 1281 4011 τῶν
1298 3965 1371 4012 τινα

208 4081 468 4183 προσεστυίτων,
503 4084 552 4156 ὅτι
576 4082 704 4184 δήποτε
729 4085 902 4184 σημαίνειν
920 4081 938 4155 ό
956 4083 1194 4181 γεγλυμμένος
1211 4077 1283 4178 ἅμα
1302 4090 1371 4151 τοῖν

209 4229 358 4325 γυναίοιν
377 4222 493 4296 ἐθέλει
509 4222 644 4324 τροχός.
681 4226 741 4298 καὶ
758 4225 795 4312 ὃς
813 4220 1041 4322 ἐξηγούμενος
1064 4219 1127 4320 τήν
1152 4216 1286 4291 είκόνα·
1313 4216 1371 4290 τόν

140 4375 175 4430 30
210 4367 270 4464 μὲν
287 4361 430 4455 κόκλον,
449 4365 610 4462 ἔφασκεν,
630 4327 765 4462 ὠγαθέ,
783 4361 841 4435 τὸν
855 4357 1003 4433 ἐνιαυτόν
1018 4384 1074 4458 μοι
1087 4357 1235 4460 νοήσαις.
1271 4355 1319 4431 τώ
1333 4358 1370 4428 δέ
1496 4327 1497 4370 ³
