3058 4732
654 1 858 95 ,10Ι

296 236 391 312 Ἀλλ’
410 243 515 313 ἔστω·
537 239 693 314 δεδόσθω
707 245 766 314 καί
780 245 840 342 ἔαρ
856 242 975 331 εἰςτὰς
989 243 1079 342 ὥρας
1092 242 1356 343 εἰσγροίρεσθαι·

197 379 290 452 ἀλλά
307 383 367 451 καί
385 383 414 452 εί
426 405 457 452 τι
473 379 592 480 χοίριεν
609 381 675 454 ύπδ
693 391 759 480 τῶν
776 384 916 455 πολλῶν
933 383 1190 483 ἀποκληροῶται
1207 395 1255 480 τῶ
1273 387 1357 483 ἔαρι,

195 529 243 615 τῷ
268 529 409 620 χειμῶνι
434 523 494 592 καὶ
517 530 616 593 τούτο
640 521 935 620 προσλογίζεσθαι
965 522 1055 623 χρη,
1086 527 1140 595 οία
1164 523 1206 624 δὴ
1233 523 1276 597 τοὶ
1298 535 1358 596 τοῶ

197 663 318 759 μέρους
335 669 384 755 τῶ
402 661 491 758 όλιμ·
519 661 569 733 ότι
586 665 646 734 καί
664 665 764 761 μέρος
781 673 948 762 χειμῶνος
965 663 1003 735 τό
1022 666 1100 763 ἔαρ,
1126 663 1217 736 κατὰ
1242 663 1359 762 μικρὸν
1410 664 1413 670 ’
1480 707 1482 712 -

145 813 160 866 5
197 799 377 888 ἀνεθέντος
395 803 454 872 καί
471 799 695 900 λωφήσαντος
712 801 868 900 ὕστερον·
891 805 964 876 ἐπεὶ
982 800 1050 901 γάρ
1069 801 1087 874 ό
1107 807 1166 900 μὲν
1183 801 1306 902 χρόνος
1324 805 1359 875 ἔν

197 938 291 1034 ἀιδίῳ
311 948 418 1038 φορᾷ,
444 937 505 1026 τὰς
523 939 553 1010 δ’
572 940 672 1038 ὥρας,
692 949 791 1038 κοινῇ
811 943 870 1038 μέν
887 939 1000 1029 πάσας
1020 943 1080 1012 καί
1097 940 1262 1040 ἀλλήλων
1280 945 1359 1042 ἔχο-

101 1083 104 1092 “
197 1080 310 1176 μένας,
330 1077 443 1164 ἀιδίως
461 1080 520 1149 καί
538 1076 642 1166 αύτάς
660 1077 829 1150 κινεῖσθαι
847 1079 1053 1178 συμβέβηκε.
1089 1089 1188 1152 τοῦτο
1209 1077 1277 1179 γάρ
1294 1077 1360 1152 ποί-

197 1219 249 1290 λιν
268 1215 286 1288 ό
304 1215 440 1317 χρόνος,
459 1226 507 1312 τῷ
527 1217 565 1289 δὲ
589 1218 770 1290 διαλείπειν
796 1221 856 1290 καὶ
878 1229 1099 1319 παραχωρεῖν
1123 1220 1239 1318 ἑτέραν
1261 1221 1360 1318 ἑτέρᾳ

196 1366 257 1429 τοῶ
274 1359 350 1455 περί
367 1355 424 1427 τόν
441 1354 571 1454 κόσμον
599 1359 690 1456 ἔχειν
716 1355 821 1444 αύτάς
846 1355 932 1428 καθ’
955 1355 1059 1445 αύτοὶς
1079 1361 1275 1456 παυομένην
1298 1358 1361 1458 την

130 1511 163 1565 10
198 1497 454 1594 κίνησινέχειν·
479 1505 594 1567 πᾶσαν
612 1496 649 1566 δὲ
671 1495 814 1594 ἠρεμίαν
839 1481 1021 1596 δεχομένη·
1038 1499 1168 1595 κίνησις
1192 1497 1256 1568 οὐκ
1280 1497 1360 1569 ἀνευ

197 1645 257 1706 τοῶ
275 1635 462 1733 κατολίγου
482 1632 671 1732 ἀποληγειν
685 1634 841 1732 γίνεσθαι
858 1636 1004 1732 πέφυκε.
1037 1637 1096 1707 καί
1114 1635 1204 1707 τοῦτ’
1222 1639 1263 1708 ἐκ
1276 1638 1359 1710 πολ-

198 1777 268 1848 λῶν
287 1775 403 1874 δῆλον.
441 1771 690 1874 καθαρώτατον
709 1773 751 1874 δη“
772 1773 817 1862 ῶς
835 1777 895 1846 καί
912 1773 1052 1874 χειμών,
1079 1775 1145 1875 οὐχ
1163 1773 1209 1864 ῶς
1227 1776 1358 1874 ἑτέρως,

199 1913 279 1986 ἀλλ’
286 1911 331 2001 ῶς
350 1913 422 2012 ὥρα
434 1921 497 2011 τῆς
510 1911 677 2012 κινήσεως
691 1911 861 2010 σπη’σεται.
893 1887 956 1985 καί
966 1915 1064 2002 τέλος
1078 1917 1170 1987 ἔσται
1185 1894 1361 2014 τὸνλόγον

199 2063 316 2126 τοῦτον
333 2061 500 2152 χειμῶνος
517 2050 556 2123 τό
575 2054 647 2151 ἔαρ.

134 2211 166 2264 15
203 2282 205 2286 γ
303 2190 375 2262 Καί
391 2189 521 2290 χειμῶν
539 2191 817 2288 ἔπικρατέστερος
835 2191 944 2288 ἔαρος.
981 2192 1087 2292 ἧούχ
1112 2191 1211 2291 όρᾷς,
1240 2189 1285 2278 ῶς
1302 2195 1362 2264 καί

200 2329 285 2430 πρός
301 2339 367 2402 τῶν
382 2328 748 2429 όνοματοθετησοίντων
763 2328 881 2426 ὀλίγου
896 2330 964 2402 δεῖν
979 2330 1051 2402 οὐδ’
1070 2330 1232 2430 ὀνόματος
1245 2341 1362 2430 τυχεῖν
1403 2343 1405 2348 ’
1505 2409 1506 2422 γ

200 2470 238 2543 τό
254 2473 314 2569 ἔαρ
330 2470 518 2569 ἔμέλλησε;
534 2479 607 2556 πῶς
619 2467 687 2568 γάρ
701 2469 1048 2568 χειμῶνι,πῶςθέρει,
1057 2480 1130 2556 πῶς
1139 2467 1360 2567 φθινοπώρῳ,

202 2607 337 2704 ἑκάστῳ
355 2607 482 2681 τούτων
498 2609 522 2708 ἤ
540 2607 680 2707 πλῆθος
704 2609 727 2706 ἢ
754 2609 888 2696 ἔντασις
912 2609 1102 2706 συλλαβῶν,
1127 2609 1151 2707 ἤ
1177 2606 1362 2706 συμφώνων

202 2757 287 2848 γοῶν
304 2745 495 2847 ηότυχηθη
513 2749 706 2845 περιουσία·
727 2749 787 2845 ἔαρ
806 2748 844 2818 δὲ
860 2745 995 2818 ποίντων
1009 2747 1130 2838 ἐνδεές,
1146 2745 1255 2844 ψιλόν,
1270 2773 1363 2820 συνε-
1424 2720 1429 2791 s
1505 2775 1506 2840 3

133 2910 169 2964 20
203 2889 397 2988 ληλαμένον
416 2889 451 2974 ές
468 2885 506 2958 τό
525 2885 755 2986 βραχύτατον·
783 2889 875 2958 ἔοικε
893 2884 961 2985 γάρ
978 2911 1051 2974 πως
1065 2889 1124 2958 καί
1142 2885 1366 2986 ἀπειρημένον

204 3031 287 3100 είναι
303 3025 398 3126 παροὶ
415 3037 483 3113 τοῖς
506 3024 661 3125 ἀρχαίοις
677 3011 747 3124 ἔαρ
770 3023 1047 3124 προσαγορεύειν,
1071 3023 1211 3098 καὶτὸν
1236 3028 1297 3124 ἔαρ
1323 3028 1365 3098 εί-

202 3165 311 3240 πόντα
329 3169 370 3238 ἔα
388 3166 447 3237 καὶ
462 3163 509 3263 μη
524 3162 634 3262 ιρροίζε
648 3163 804 3263 δηλονότι
819 3163 974 3237 ἀκούειν·
993 3168 1132 3264 ποιηταὶ
1145 3166 1183 3236 δέ
1196 3167 1256 3236 καί
1268 3191 1366 3264 ποιη-

203 3316 270 3379 τῶν
287 3305 418 3396 παιδες,
438 3304 469 3376 οἱ
486 3306 545 3374 καί
563 3301 710 3402 μάλιστα
726 3303 820 3376 θεῶν
838 3302 964 3391 εἰδότες
977 3307 1037 3375 καί
1050 3303 1176 3402 βουλάς
1189 3307 1249 3376 καί
1263 3303 1366 3404 ἀπόρ-

205 3473 304 3548 ρητα,
319 3447 379 3518 καί
394 3444 510 3544 ἐξᾶραι
522 3444 613 3518 τοῦτ’
626 3442 763 3544 ηβουλη
771 3443 898 3543 θησαν.
918 3441 1366 3544 τῇδέπερίτόνὲλληνισμόν
1505 3533 1506 3550 γ

136 3610 170 3664 25
205 3587 394 3686 κηδεμονίᾳ
411 3587 471 3657 καὶ
489 3583 572 3657 διότι
589 3583 632 3684 δη
651 3593 710 3656 τοῦ
728 3581 889 3684 πλήθους
906 3593 972 3656 τῶν
990 3581 1163 3681 ὀνομάτων
1183 3583 1367 3682 ἀπληστως
1505 3551 1506 3582 ³

206 3729 316 3826 είχον,
343 3728 517 3823 ἐφείσαντο
536 3726 608 3824 μέν,
634 3725 791 3796 συνεῖλον
816 3724 854 3795 δέ
879 3725 913 3810 ἔς
943 3723 1020 3794 ὅσον
1047 3722 1233 3822 ὀλίγιστον,
1258 3723 1303 3822 ηρ
1328 3721 1366 3794 τό

207 3869 269 3965 ἔαρ
286 3863 565 3966 προσειρηκότες,
592 3863 679 3936 ὥστε
703 3859 885 3934 λανθάνειν
908 3861 1000 3934 κατὰ
1023 3861 1086 3962 τὴν
1109 3865 1284 3936 συνέπειαν
1309 3865 1368 3934 καί

207 4003 254 4106 μὴ
276 4003 399 4104 μεταξύ
412 4001 589 4102 λεγόντων
606 4000 685 4090 τούς
703 3999 890 4089 ἀκούοντας
908 4003 1147 4102 δυσχεραίνειν.

313 4142 413 4216 Ούτω
432 4143 470 4213 δέ
487 4137 634 4239 προιόντι
651 4149 698 4235 τῷ
717 4138 814 4239 λόγῳ
838 4143 898 4212 καὶ
924 4144 1035 4240 ἔτερον
1059 4137 1244 4212 ἀνακόπτει
1262 4136 1368 4238 κεροίν

138 4292 174 4346 30
206 4285 314 4378 λαιον,
340 4281 383 4354 δι’
406 4281 510 4378 ούπερ
535 4278 602 4379 οὐχ
626 4279 676 4351 ὅτι
698 4282 815 4378 ἔαρος,
842 4279 935 4354 ἀλλά
959 4281 1107 4352 καὶτῶν
1133 4279 1248 4354 ἀλλων
1274 4279 1368 4378 ῶρῶν
