3058 4732
791 71 813 142 4

702 171 731 178 ...-
741 173 904 180 -φψ-η-α

220 285 283 390 την
301 285 451 390 μάστιγα
469 290 765 390 ἐπανατεινόμενος
782 297 842 365 καὶ
861 293 974 393 ἰατρός
988 291 1216 394 ἀποτρόπαιος
1234 293 1333 395 ξύρον
1346 320 1383 369 τε

220 432 279 501 καὶ
297 439 455 529 καυτῆρα
472 429 657 530 προσάγων
674 475 722 485 -
749 433 934 534 βαρυτέρας
951 443 1013 534 της
1031 434 1288 536 φανταζομένης
1306 437 1383 508 δυσ-

219 571 355 668 χερείας
374 568 608 670 ἐπειράθησαν
626 569 812 670 ἄνθρωποι.

325 707 429 808 Οίμαι
447 714 506 808 μὲν
526 710 594 802 σύν,
622 709 668 798 ὡς
692 713 832 811 ε’ίρηται,
858 715 917 783 καὶ
941 710 1026 811 πρός
1054 711 1161 812 αὐτὴν
1185 711 1248 813 τὴν
1274 712 1383 813 ἀκοὴν

151 863 167 912 5
219 847 455 948 ἀποπηδῆσαν
471 846 581 936 τινάς·
612 849 684 920 ἀλλ’
697 848 907 950 ἀνάσχεσθε,
931 853 960 922 εί
976 875 1006 924 τι
1024 852 1138 950 λέγειν
1157 854 1293 952 ἐχομεν,
1313 853 1382 923 δια-

218 997 350 1059 κοῦσαι.
388 985 485 1085 όμέν
504 987 609 1087 σοφὸς
627 991 755 1076 ἐκεῖνος
781 988 878 1089 ἀνήρ,
905 999 973 1062 πᾶν
997 989 1042 1078 ώς
1069 994 1172 1063 εἰπεῖν
1200 988 1382 1090 ἀπόφημον

217 1125 476 1227 καταχεάμενος
492 1135 551 1199 τοῦ
569 1136 736 1226 χειμῶνος
753 1131 813 1199 καί
831 1127 947 1200 πολλά
961 1128 1190 1228 καταδραμαλν
1204 1129 1317 1224 αὐτόν,
1337 1129 1383 1220 ὥς

218 1269 341 1366 μηκέτι
366 1266 446 1366 μηδ’
475 1267 581 1364 όνομα
606 1257 684 1354 τούς
707 1266 859 1355 πολλούς
884 1278 1050 1367 χειμῶνος
1075 1267 1208 1342 ἐθέλειν
1234 1269 1381 1363 ἀκούειν,

217 1406 446 1505 ἀπειρημένην
471 1405 533 1505 τὴν
558 1404 603 1492 ὥς
629 1405 731 1477 αὐτόν
755 1407 919 1479 κατέλιπε
946 1406 1106 1506 πάροδον,
1134 1408 1198 1480 ούκ
1223 1408 1287 1481 οίδ’
1317 1412 1383 1481 εἴτε

152 1564 184 1616 10
217 1544 422 1645 χειμάρρους
439 1542 618 1633 ἀπλώτους
634 1546 826 1644 πελαγίσας
844 1545 1014 1645 τῷλόγῳ,
1036 1550 1102 1620 εἴτε
1115 1546 1229 1648 χιόνος
1242 1546 1382 1646 πλῆθος

217 1688 277 1757 καὶ
295 1683 407 1785 ψύχος
424 1687 646 1785 ἐπιτειχίσας·
673 1685 711 1757 ού
737 1684 805 1784 γάρ
837 1685 966 1758 ἔλαθεν
996 1685 1088 1786 ἡμᾶς
1121 1696 1260 1788 χειμῶνι
1291 1686 1382 1759 κατά

217 1832 383 1924 χειμῶνος
400 1821 628 1924 χρησάμενος,
648 1826 708 1895 καὶ
725 1821 859 1916 νύκτας,
881 1825 921 1912 ἀς
936 1825 1031 1913 ούτος
1044 1824 1332 1924 προβιβασθείσας
1347 1828 1381 1913 ἐς

217 1963 296 2034 ὅσον
315 1961 478 2063 μήκιστον
500 1961 681 2054 διεδέξατο,
710 1965 745 2050 ἐς
767 1961 830 2062 την
855 1963 959 2035 αύτοό
985 1966 1218 2064 στηλοκοπίαν
1234 1990 1381 2038 κατανα-

217 2101 342 2190 λιύσας.
387 2105 461 2200 ἐμοὶ
479 2103 516 2174 δὲ
534 2105 593 2174 καὶ
611 2100 706 2200 μάλα
724 2100 785 2173 σύν
803 2102 882 2199 δίκη
900 2101 957 2174 τόν
976 2101 1078 2175 αὐτὸν
1094 2113 1212 2175 τοῦτον
1230 2114 1382 2202 χειμῶνα

151 2256 182 2308 15
219 2239 399 2340 σύμμαχον
423 2241 703 2338 ἐπικαλεσαμένῳ
729 2239 859 2326 ἐξέσται
882 2239 966 2338 πρὸς
990 2239 1092 2313 αύτδν
1118 2241 1290 2341 διαβῆναι,
1319 2243 1382 2343 τὴν

217 2390 282 2453 τῶν
301 2378 474 2480 ῥευμάτων
493 2380 566 2478 βίαν
582 2377 777 2478 πιλησαντα
794 2381 853 2451 καί
871 2376 1130 2478 παγετύσαντα,
1150 2389 1216 2452 τῶν
1229 2406 1266 2452 τε
1283 2385 1381 2480 χαρί-

216 2547 293 2612 των,
321 2520 361 2607 ἀς
384 2523 601 2619 προτείνεται,
628 2519 771 2619 πλῆθος
789 2519 893 2605 ούσας
912 2517 950 2590 ού
970 2517 1170 2617 σταθμητὸν
1188 2518 1382 2590 ἀπολαῦσαι

216 2663 361 2746 καὶτοῖς
379 2659 497 2745 ἀλλοις
515 2659 709 2757 διαγγελεῖν
727 2655 962 2757 χαριζόμενον.
1000 2659 1060 2728 καί
1078 2657 1154 2728 οίδα
1169 2660 1229 2755 μὲν
1244 2660 1290 2745 είς
1304 2658 1381 2728 δυσ-

216 2808 306 2899 χερῆ
325 2798 382 2870 τόν
400 2797 519 2896 ἀγῶνα
537 2794 660 2884 καθεὶς
675 2796 820 2894 ἐμαυτὸν
834 2798 893 2867 καὶ
908 2797 977 2867 οίον
992 2795 1100 2882 ούδείς
1115 2795 1259 2868 οὐδέπω.
1289 2795 1382 2868 ἀλλά

148 2957 183 3010 20
215 2940 247 3009 τί
265 2936 398 3035 δράσω;
425 2935 463 3008 ού
487 2934 631 3033 δύναμαι
648 2933 711 3034 τὴν
731 2932 901 3034 ἀλήθειαν
920 2933 1222 3034 ἀποκρύπτεσθαι,
1251 2933 1323 3006 οὐδ’
1346 2937 1381 3006 ἐν
1432 3030 1435 3037 γ

216 3077 355 3174 ἐλαφρῷ
381 3087 541 3175 ποιοῦμαι
565 3077 603 3149 τό
630 3075 676 3176 μη
703 3076 832 3174 όσαπερ
861 3077 901 3147 ἀν
925 3077 990 3176 ἥδε
1013 3075 1181 3176 ἀφηγοῖτο
1207 3078 1299 3177 δῆλα
1322 3079 1381 3148 καί

215 3226 284 3302 τοῖς
302 3215 420 3302 ἀλλοις
435 3213 575 3287 τιθέναι.
612 3217 644 3286 τί
658 3212 737 3312 γάρ,
754 3217 782 3286 εί
796 3213 858 3314 την
871 3217 948 3312 περὶ
961 3213 1089 3313 λόγους
1104 3215 1207 3287 αὐτού
1221 3241 1269 3303 τις
1283 3213 1381 3287 δύνα-

218 3378 271 3450 μιν
289 3352 393 3440 δείξαι
412 3352 688 3451 φιλοτιμούμενος
705 3362 767 3451 τῆς
792 3363 859 3425 τῶν
883 3355 1023 3426 πολλῶν
1049 3353 1151 3454 δόξης
1175 3354 1381 3453 δραξάμενος

217 3498 277 3566 καὶ
293 3493 420 3595 ταύτην
438 3497 591 3594 κρηπῖδα
608 3505 675 3568 τῶν
693 3498 862 3594 σφετέρων
881 3495 1094 3594 ύποθέμενος
1111 3494 1244 3595 λόγων
1266 3498 1381 3566 ἔπειτα

150 3656 183 3709 25
200 3620 202 3624 ¹
217 3633 333 3705 πολλά
351 3632 659 3723 ἐπικατασκευάζει
682 3659 719 3706 τε
736 3636 796 3706 καὶ
814 3633 991 3733 συντίθησι
1011 3632 1167 3734 ῥήματα,
1186 3631 1301 3706 καὶτὸ
1320 3635 1380 3731 ἐαρ

217 3770 328 3869 ύμνυῖν
344 3775 421 3870 περὶ
437 3774 592 3861 πλείονος
610 3775 633 3872 ἢ
652 3772 710 3845 τὸν
727 3781 882 3872 χειμῶνα
898 3784 1052 3863 ποιεῖται,
1078 3774 1193 3871 ὥσπερ
1219 3771 1283 3844 οὐκ
1308 3769 1381 3843 ἐνόν

217 3909 384 3983 κάκείνων
402 3911 449 4009 μὴ
470 3914 653 4011 εἰρημένων
670 3909 755 4010 πρός
772 3909 940 4000 τοιαύταις
959 3911 1014 3982 διά
1027 3912 1099 4010 βίου
1116 3910 1228 3998 δόξαις
1245 3909 1302 3982 τόν
1319 3935 1380 3982 πο-

217 4047 279 4121 λύν
297 4049 403 4148 ὄχλον
421 4053 513 4150 ἐχειν
529 4049 587 4122 τὸν
605 4059 702 4142 νούν,
729 4053 776 4137 οἷς
794 4049 859 4122 ούκ
883 4053 970 4122 ἐστιν
997 4050 1054 4122 ὅτε
1076 4050 1230 4148 γενναίου
1254 4074 1381 4148 προσα-

216 4190 393 4285 πτομένοις
419 4188 523 4282 τινός,
551 4188 609 4262 ἀπ’
639 4189 850 4288 ἀγυμνασίας
867 4197 934 4261 τῶν
951 4189 1070 4261 καλῶν
1088 4188 1381 4288 ἐκδεδιητημένοις

149 4334 184 4388 30
217 4329 299 4398 είναι
316 4333 376 4402 καὶ
393 4327 607 4428 διεφθορόσιν
624 4327 755 4428 ὑπῆρξε
771 4329 828 4401 τόν
846 4335 933 4400 νούν.
