3040 4734
683 84 726 152 ll

122 303 368 405 ἐπισημότερος
386 301 638 402 ἀναφανήσεται
663 301 682 373 ὑ
698 300 839 402 χειμών.
880 311 981 400 τριῶν
1001 301 1071 400 γάρ
1095 303 1200 374 ὄντων
1220 311 1289 373 τῶν

121 455 245 546 γενῶν,
264 443 311 531 ὑς
327 454 397 531 τοῖς
413 446 490 541 περὶ
506 441 748 542 γραμματικὴν
766 441 976 542 ἐσχολακὺσι
988 440 1288 542 τετεχνολόγηται,

122 588 183 657 καί
199 593 262 656 τοὺ
282 587 343 682 μὲν
360 583 539 682 ἀρσενικοῦ
552 584 779 680 καλουμένου,
796 592 857 653 τοὺ
871 583 910 654 δὲ
921 581 1097 681 θηλυκοῶ,
1110 581 1290 680 οὐδετέρου

121 726 160 796 δὲ
178 733 241 796 τοὺ
257 725 370 821 τρίτου
386 725 447 794 καί
462 723 670 813 τελευταίου,
689 723 820 820 βέλτιον
837 725 900 819 μὲν
916 724 952 793 ἐν
969 722 1075 794 ἅπασι
1090 724 1151 794 καί
1162 747 1290 819 προφε-

120 866 280 962 ρέστερον
296 872 358 933 τοῶ
374 861 538 960 θηλυκοῶ
550 859 591 933 τὸ
606 860 795 960 ἀρσενικόν,
812 860 954 934 κάκεῖνο
967 860 1072 934 πόλιν
1083 871 1145 933 τοὺ
1157 860 1289 933 οὑδετέ-
1340 881 1358 933 5

122 1028 200 1100 ρου·
221 1003 282 1072 καὶ
296 1001 386 1072 οὑτω
404 999 448 1098 δὴ
468 1001 536 1099 ἀρα
552 1001 674 1094 πολλῶ
691 997 862 1099 ὑπερέχον
877 1010 938 1072 τοῦ
953 1004 1064 1099 τρίτου
1081 999 1120 1072 τό
1137 1008 1288 1098 πρῶτον·

123 1139 163 1211 τὸ
180 1138 248 1238 γάρ
266 1149 328 1211 τοῦ
347 1137 500 1236 μείζονος
518 1137 635 1236 μεῖζον
652 1148 774 1237 μακρῶ
793 1137 919 1237 μεῖζον.
955 1141 1000 1238 ἢν
1015 1139 1076 1212 οὑν
1086 1138 1217 1239 χειμών
1230 1142 1291 1236 μὲν

127 1279 311 1378 ἀρσενικῶς
323 1277 548 1377 χρηματίζειν
562 1277 659 1365 ἀξίαν
670 1281 785 1378 ἔσχεν,
800 1282 874 1378 ἔαρι
887 1279 926 1350 δὲ
938 1282 999 1351 καί
1011 1278 1109 1377 θέρει
1120 1282 1181 1351 καὶ
1194 1303 1290 1376 μετο-

123 1417 228 1517 πώρῳ
242 1416 323 1488 οὑδὲ
338 1416 507 1515 θηλυκῶς
527 1443 572 1515 γε
585 1417 758 1515 ἐξεγένετο
774 1416 986 1516 ὠνομάσθαι,
1001 1427 1075 1505 πῶς
1088 1417 1155 1490 οὑκ
1169 1417 1291 1515 ἀθέμι-

120 1583 191 1648 τον,
212 1555 260 1655 μὴ
280 1555 360 1655 οὑχί
376 1559 566 1655 κρείττονος
582 1555 685 1628 αὑτὸν
701 1583 725 1655 η
745 1555 837 1628 κατὰ
852 1566 960 1630 ταῦτα
972 1566 1072 1655 τιμῆς
1085 1555 1289 1646 ἀπολαὺειν;
1326 1575 1360 1626 10

119 1679 176 1770 ἵνα
203 1693 273 1794 γὰρ
295 1693 343 1794 μή
367 1706 437 1782 τοῖς
461 1693 577 1794 χρόνῳ
601 1695 739 1794 ὑστερον
756 1698 938 1794 ἐσομένοις,
956 1698 1094 1794 ἐπείπερ
1111 1692 1291 1793 έμελλενὺ

121 1845 191 1908 τῶν
210 1832 403 1932 ἀνθρώπων
420 1834 491 1931 βίος
507 1833 592 1933 πρὸς
602 1833 641 1906 τό
654 1833 906 1934 τρυφερώτερον
917 1833 1121 1936 ὑποχωρεῖν,
1137 1833 1292 1933 χεῖρόντι

123 1973 220 2074 παρὰ
236 1971 301 2060 τάς
317 1970 442 2060 λοιποὶς
459 1973 551 2072 ώρας
567 1971 763 2073 ὑποληφθῇ
780 1973 954 2074 ὑχειμών,
973 1973 1151 2073 ἀρσενικοῦ
1167 1972 1292 2072 κλήσει

125 2113 168 2212 δὴ
187 2121 308 2184 τοῦτον
325 2123 509 2210 προσεῖπον
526 2111 560 2183 σί
574 2110 739 2211 πρότερον
757 2115 895 2185 ἐκείνων
909 2123 959 2207 τῶ
976 2115 1068 2211 γένει
1081 2109 1292 2210 δυμκηκότες

124 2255 166 2324 ἐκ
188 2253 369 2349 διαμέτρου
397 2252 535 2323 οἱονείτε
554 2249 717 2350 σὺνθημα
731 2250 919 2339 δεδωκότες
931 2250 1127 2324 αὑτὸτοῶτο
1139 2249 1179 2324 τὺ
1192 2253 1293 2349 γένος
1327 2270 1359 2320 15

124 2395 184 2464 καί
203 2393 386 2490 μονονουχὶ
402 2388 632 2489 κεκραγότες·
652 2389 699 2478 ιὺς
716 2391 814 2478 οὑτος
831 2389 850 2462 ὁ
868 2389 987 2489 καιρὸς
1003 2389 1091 2464 καθ’
1109 2391 1147 2462 ὃν
1164 2391 1217 2462 δεῖ
1227 2389 1292 2489 ζῆν

126 2532 251 2629 ἄνδρα·
270 2528 358 2601 καθ’
380 2529 418 2602 ὃν
436 2529 772 2629 ἀνδραγαθίζεσθαι·
792 2529 880 2603 καθ’
891 2531 930 2602 ὃν
946 2541 1099 2629 γενναῖον
1115 2533 1176 2604 καὶ
1193 2529 1292 2628 ἀρρε-

128 2669 237 2742 νωπόν
254 2667 313 2741 τόν
331 2667 513 2768 ἄνθρωπον
531 2672 624 2742 εἶναι.

228 2807 273 2880 Εἰ
291 2809 406 2882 δὲκαὶ
421 2807 479 2909 τόν
496 2808 588 2881 κατὰ
603 2807 642 2880 τὸ
657 2811 779 2906 ἔτυμον
790 2809 1097 2907 πολυπραγμονοίη
1109 2832 1159 2894 τις
1170 2806 1289 2906 λόγον,

134 2945 227 3019 οὐδὲν
243 2948 347 3047 ἧττον
364 2949 424 3019 καί
442 2947 531 3020 οὑτω
547 2957 611 3047 τῆς
627 2951 755 3036 οἰκείας
769 2946 988 3035 ἐλαττώσεως
1001 2951 1062 3046 ἔαρ
1075 2945 1289 3046 αἰσθήσεται.
1324 2968 1360 3021 υο

130 3087 155 3185 ἢ
176 3085 312 3174 δειξάτω
329 3112 379 3174 τις
395 3085 535 3186 παριών,
555 3087 603 3186 μὴ
621 3086 685 3187 την
701 3086 843 3187 γνώμην
859 3085 1157 3185 ταλαντευόμενος,
1180 3085 1291 3158 πόθεν

127 3227 191 3324 ἔαρ
209 3224 338 3325 ἐτὺμως
355 3224 582 3326 λεχθήσεται,
606 3235 666 3298 τοὺ
691 3236 858 3326 χειμῶνος
882 3229 942 3298 καὶ
964 3225 1057 3298 κατὰ
1080 3235 1179 3299 τοῦτο
1196 3227 1292 3298 πλεί-

127 3390 210 3465 στης
226 3364 429 3464 ἠξιουμένου
447 3365 611 3464 σπουδῆς,
628 3367 684 3437 ἵνα
700 3368 760 3437 καὶ
778 3363 878 3463 μόνον
894 3363 1092 3464 λεγόμενος,
1112 3366 1194 3463 ὅπερ
1209 3366 1290 3456 ἐστι’,

125 3507 277 3604 παρέχοι
293 3513 389 3576 νοεῖν.
426 3503 566 3576 δοκοῦσι
583 3504 621 3575 δὲ
645 3501 689 3604 δή
711 3529 767 3602 μοι
790 3507 850 3576 καὶ
862 3501 1041 3604 Ῥωμαίων
1057 3506 1089 3576 οἱ
1104 3502 1196 3576 κατὰ
1213 3501 1294 3591 τοὺς

126 3644 196 3716 ἀνω
216 3639 379 3742 χρόνους,
405 3644 439 3715 οἳ
453 3651 520 3714 τῶν
537 3642 626 3716 καθ’
648 3642 789 3732 έαυτοὺς
810 3669 849 3716 τε
872 3647 932 3716 καί
959 3647 1075 3716 ἔπειτα
1099 3642 1292 3742 ἀνθρώπων
1326 3667 1360 3720 25

125 3785 407 3882 περιφανέστατοί
421 3807 459 3855 τε
476 3781 641 3883 γεγόνασι
657 3787 717 3858 καὶ
734 3782 1006 3883 ὀνομαστότατοι,
1026 3781 1073 3882 μὴ
1093 3783 1173 3856 ἄνευ
1189 3809 1292 3856 σπου-

126 3923 225 4010 δαίας
241 3925 302 3994 καί
319 3930 430 4022 σοφῆς
447 3924 641 4010 ἐπιστασίαις
664 3921 728 4022 τὴν
752 3921 868 4023 ἀρχὴν
890 3931 951 3994 τοὺ
976 3923 1073 4009 ἔτους
1095 3934 1292 4021 προσνεῖμαι

126 4071 270 4162 χειμῶνι
286 4063 357 4153 καί,
375 4061 445 4160 ἦγε
461 4059 604 4160 πρώτως
620 4065 762 4161 ταυτησί
778 4071 842 4161 τῆς
859 4061 952 4160 ώρας
969 4060 1216 4160 είσβοιλλοὺσης
1231 4087 1291 4134 πε-

127 4202 284 4300 ριέτυχον
308 4202 547 4299 νουμηνίᾳ-
572 4199 611 4272 οὑ
636 4199 705 4299 γοὶρ
731 4199 894 4288 ἐπιδέξιον
918 4197 1031 4272 ἐδόκει
1044 4225 1130 4288 Ιπως
1152 4201 1225 4298 ἅμα
1247 4209 1292 4296 τῇ

126 4350 189 4413 τοὺ
207 4350 374 4440 χειμῶνος
391 4337 510 4435 εἰσόδῳ
527 4338 684 4412 κολοὺειν
700 4339 764 4438 τὴν
787 4339 994 4415 κατάστασιν
1016 4349 1077 4410 τοὺ
1100 4339 1207 4438 μηνός
1229 4385 1291 4432 -α,
1327 4374 1362 4426 30

1142 4473 1159 4525 2
